<?xml version="1.0" encoding="UTF-8"?>
<!DOCTYPE html PUBLIC "-//W3C//DTD XHTML 1.0 Transitional//EN"
    "http://www.w3.org/TR/xhtml1/DTD/xhtml1-transitional.dtd">
<html xmlns="http://www.w3.org/1999/xhtml" xml:lang="en" lang="en">
 <head>
  <title>
</title>
<meta http-equiv="Content-Type" content="text/html;charset=utf-8" />
  <meta name='ocr-system' content='tesseract 3.04.00' />
  <meta name='ocr-capabilities' content='ocr_page ocr_carea ocr_par ocr_line ocrx_word'/>
</head>
<body>
  <div class='ocr_page' id='page_1' title='image "actahermesianaq00elvegoog_0028.png"; bbox 0 0 2514 4792; ppageno 0'>
   <div class='ocr_carea' id='block_1_1' title="bbox 590 270 627 334">
    <p class='ocr_par' dir='ltr' id='par_1_1' title="bbox 590 270 627 334">
     <span class='ocr_line' id='line_1_1' title="bbox 590 270 627 334; baseline 0 -31"><span class='ocrx_word' id='word_1_1' title='bbox 590 270 627 334; x_wconf 53' lang='grc' dir='ltr'><strong>ὅ.</strong></span> 
     </span>
    </p>
   </div>
   <div class='ocr_carea' id='block_1_2' title="bbox 151 448 1142 538">
    <p class='ocr_par' dir='ltr' id='par_1_2' title="bbox 151 448 1142 538">
     <span class='ocr_line' id='line_1_2' title="bbox 151 448 1142 538; baseline 0.006 -23"><span class='ocrx_word' id='word_1_2' title='bbox 151 448 318 533; x_wconf 86' lang='lat' dir='ltr'><strong>„Praeter</strong></span> <span class='ocrx_word' id='word_1_3' title='bbox 345 470 423 534; x_wconf 88' lang='lat' dir='ltr'><strong>eos,</strong></span> <span class='ocrx_word' id='word_1_4' title='bbox 459 456 517 538; x_wconf 88' lang='lat' dir='ltr'><strong>qui</strong></span> <span class='ocrx_word' id='word_1_5' title='bbox 545 456 688 519; x_wconf 87' lang='lat' dir='ltr'><strong>omnium</strong></span> <span class='ocrx_word' id='word_1_6' title='bbox 717 453 957 522; x_wconf 87' lang='lat' dir='ltr'><strong>catholicorum</strong></span> <span class='ocrx_word' id='word_1_7' title='bbox 983 456 1142 523; x_wconf 84' lang='lat' dir='ltr'><strong>scandolo</strong></span> 
     </span>
    </p>
   </div>
   <div class='ocr_carea' id='block_1_3' title="bbox 78 583 1232 4035">
    <p class='ocr_par' dir='ltr' id='par_1_3' title="bbox 78 583 1232 4035">
     <span class='ocr_line' id='line_1_3' title="bbox 156 583 1143 672; baseline 0.004 -20"><span class='ocrx_word' id='word_1_8' title='bbox 156 606 197 652; x_wconf 88' lang='lat' dir='ltr'><strong>se</strong></span> <span class='ocrx_word' id='word_1_9' title='bbox 216 583 446 672; x_wconf 76' lang='lat' dir='ltr'><strong>perduellibus</strong></span> <span class='ocrx_word' id='word_1_10' title='bbox 474 588 687 672; x_wconf 79' lang='lat' dir='ltr'>devoverint,</span> <span class='ocrx_word' id='word_1_11' title='bbox 715 588 759 653; x_wconf 89' lang='lat' dir='ltr'><strong>ad</strong></span> <span class='ocrx_word' id='word_1_12' title='bbox 785 591 1035 657; x_wconf 78' lang='lat' dir='ltr'><strong>amaritudinum</strong></span> <span class='ocrx_word' id='word_1_13' title='bbox 1056 591 1143 659; x_wconf 87' lang='lat' dir='ltr'><strong>Sua-</strong></span> 
     </span>
     <span class='ocr_line' id='line_1_4' title="bbox 154 699 1142 806; baseline 0.006 -21"><span class='ocrx_word' id='word_1_14' title='bbox 154 741 226 786; x_wconf 89' lang='lat' dir='ltr'><strong>rum</strong></span> <span class='ocrx_word' id='word_1_15' title='bbox 248 721 414 788; x_wconf 89' lang='lat' dir='ltr'><strong>cumulum</strong></span> <span class='ocrx_word' id='word_1_16' title='bbox 435 699 818 806; x_wconf 80' lang='lat' dir='ltr'><strong>vidoreSanetissimum</strong></span> <span class='ocrx_word' id='word_1_17' title='bbox 829 725 960 791; x_wconf 89' lang='lat' dir='ltr'><strong>Patrem</strong></span> <span class='ocrx_word' id='word_1_18' title='bbox 975 728 1009 793; x_wconf 94' lang='lat' dir='ltr'><strong>in</strong></span> <span class='ocrx_word' id='word_1_19' title='bbox 1029 724 1142 794; x_wconf 91' lang='lat' dir='ltr'><strong>theo·</strong></span> 
     </span>
     <span class='ocr_line' id='line_1_5' title="bbox 148 852 1143 945; baseline 0.009 -26"><span class='ocrx_word' id='word_1_20' title='bbox 148 852 330 941; x_wconf 88' lang='lat' dir='ltr'><strong>logicum</strong></span> <span class='ocrx_word' id='word_1_21' title='bbox 353 859 451 924; x_wconf 90' lang='lat' dir='ltr'><strong>etiam</strong></span> <span class='ocrx_word' id='word_1_22' title='bbox 472 857 650 924; x_wconf 92' lang='lat' dir='ltr'><strong>stadium</strong></span> <span class='ocrx_word' id='word_1_23' title='bbox 670 855 815 945; x_wconf 87' lang='lat' dir='ltr'><strong>prodire,</strong></span> <span class='ocrx_word' id='word_1_24' title='bbox 837 860 895 945; x_wconf 92' lang='lat' dir='ltr'><strong>qui</strong></span> <span class='ocrx_word' id='word_1_25' title='bbox 915 862 1073 928; x_wconf 84' lang='lat' dir='ltr'><strong>novitatis</strong></span> <span class='ocrx_word' id='word_1_26' title='bbox 1085 881 1143 928; x_wconf 89' lang='lat' dir='ltr'><strong>cu·</strong></span> 
     </span>
     <span class='ocr_line' id='line_1_6' title="bbox 92 960 1144 1081; baseline 0.007 -26"><span class='ocrx_word' id='word_1_27' title='bbox 92 1038 95 1042; x_wconf 58' lang='grc'><em>»</em></span> <span class='ocrx_word' id='word_1_28' title='bbox 148 989 261 1077; x_wconf 89' lang='lat' dir='ltr'><strong>pidine</strong></span> <span class='ocrx_word' id='word_1_29' title='bbox 273 995 308 1056; x_wconf 93' lang='lat' dir='ltr'><strong>et</strong></span> <span class='ocrx_word' id='word_1_30' title='bbox 319 995 417 1057; x_wconf 90' lang='lat' dir='ltr'><strong>aestu</strong></span> <span class='ocrx_word' id='word_1_31' title='bbox 437 960 571 1078; x_wconf 84' lang='lat' dir='ltr'><strong>semper</strong></span> <span class='ocrx_word' id='word_1_32' title='bbox 592 990 764 1059; x_wconf 81' lang='lat' dir='ltr'><strong>discentes</strong></span> <span class='ocrx_word' id='word_1_33' title='bbox 776 996 812 1059; x_wconf 93' lang='lat' dir='ltr'><strong>et</strong></span> <span class='ocrx_word' id='word_1_34' title='bbox 833 1014 999 1081; x_wconf 89' lang='lat' dir='ltr'><strong>nunquam</strong></span> <span class='ocrx_word' id='word_1_35' title='bbox 1013 994 1058 1062; x_wconf 90' lang='lat' dir='ltr'><strong>ad</strong></span> <span class='ocrx_word' id='word_1_36' title='bbox 1077 995 1144 1062; x_wconf 90' lang='lat' dir='ltr'><strong>sci·</strong></span> 
     </span>
     <span class='ocr_line' id='line_1_7' title="bbox 155 1124 1146 1217; baseline 0.002 -25"><span class='ocrx_word' id='word_1_37' title='bbox 155 1124 280 1192; x_wconf 90' lang='lat' dir='ltr'><strong>entiam</strong></span> <span class='ocrx_word' id='word_1_38' title='bbox 299 1124 453 1217; x_wconf 84' lang='lat' dir='ltr'><strong>veritatis</strong></span> <span class='ocrx_word' id='word_1_39' title='bbox 474 1127 721 1211; x_wconf 78' lang='lat' dir='ltr'>pervenientes,</span> <span class='ocrx_word' id='word_1_40' title='bbox 747 1129 937 1215; x_wconf 82' lang='lat' dir='ltr'><strong>magistri</strong></span> <span class='ocrx_word' id='word_1_41' title='bbox 958 1129 1146 1196; x_wconf 78' lang='lat' dir='ltr'><strong>existant</strong></span> 
     </span>
     <span class='ocr_line' id='line_1_8' title="bbox 153 1259 1146 1351; baseline 0.002 -25"><span class='ocrx_word' id='word_1_42' title='bbox 153 1259 321 1342; x_wconf 89' lang='lat' dir='ltr'><strong>erroris,</strong></span> <span class='ocrx_word' id='word_1_43' title='bbox 343 1260 648 1346; x_wconf 86' lang='lat' dir='ltr'><strong>quiaveritatis</strong></span> <span class='ocrx_word' id='word_1_44' title='bbox 663 1259 953 1351; x_wconf 88' lang='lat' dir='ltr'><strong>discipulinon</strong></span> <span class='ocrx_word' id='word_1_45' title='bbox 973 1260 1146 1347; x_wconf 79' lang='lat' dir='ltr'><strong>fuerint3</strong></span> 
     </span>
     <span class='ocr_line' id='line_1_9' title="bbox 158 1394 1145 1491; baseline 0.002 -32"><span class='ocrx_word' id='word_1_46' title='bbox 158 1395 219 1481; x_wconf 88' lang='lat' dir='ltr'><strong>qui</strong></span> <span class='ocrx_word' id='word_1_47' title='bbox 237 1394 419 1479; x_wconf 78' lang='lat' dir='ltr'><strong>peregrinis</strong></span> <span class='ocrx_word' id='word_1_48' title='bbox 454 1394 749 1484; x_wconf 69' lang='lat' dir='ltr'><strong>improbandisque</strong></span> <span class='ocrx_word' id='word_1_49' title='bbox 783 1395 943 1463; x_wconf 80' lang='lat' dir='ltr'><strong>doctrinis</strong></span> <span class='ocrx_word' id='word_1_50' title='bbox 978 1415 1077 1491; x_wconf 79' lang='lat' dir='ltr'><strong>sacra</strong></span> <span class='ocrx_word' id='word_1_51' title='bbox 1096 1395 1145 1461; x_wconf 91' lang='lat' dir='ltr'><strong>in·</strong></span> 
     </span>
     <span class='ocr_line' id='line_1_10' title="bbox 156 1526 1146 1618; baseline 0.004 -25"><span class='ocrx_word' id='word_1_52' title='bbox 156 1527 271 1594; x_wconf 73' lang='lat' dir='ltr'><strong>liciam</strong></span> <span class='ocrx_word' id='word_1_53' title='bbox 290 1526 419 1612; x_wconf 88' lang='lat' dir='ltr'><strong>studia,</strong></span> <span class='ocrx_word' id='word_1_54' title='bbox 448 1534 484 1595; x_wconf 92' lang='lat' dir='ltr'><strong>et</strong></span> <span class='ocrx_word' id='word_1_55' title='bbox 508 1527 679 1616; x_wconf 90' lang='lat' dir='ltr'><strong>publicum</strong></span> <span class='ocrx_word' id='word_1_56' title='bbox 700 1531 815 1615; x_wconf 89' lang='lat' dir='ltr'><strong>etiam,</strong></span> <span class='ocrx_word' id='word_1_57' title='bbox 836 1528 978 1618; x_wconf 90' lang='lat' dir='ltr'><strong>siquod</strong></span> <span class='ocrx_word' id='word_1_58' title='bbox 999 1535 1146 1613; x_wconf 89' lang='lat' dir='ltr'><strong>teneant,</strong></span> 
     </span>
     <span class='ocr_line' id='line_1_11' title="bbox 152 1646 1147 1752; baseline 0 -23"><span class='ocrx_word' id='word_1_59' title='bbox 152 1665 188 1729; x_wconf 90' lang='lat' dir='ltr'><strong>in</strong></span> <span class='ocrx_word' id='word_1_60' title='bbox 206 1652 337 1729; x_wconf 65' lang='lat' dir='ltr'><strong>&#39;scholis</strong></span> <span class='ocrx_word' id='word_1_61' title='bbox 357 1646 394 1729; x_wconf 86' lang='lat' dir='ltr'><strong>et</strong></span> <span class='ocrx_word' id='word_1_62' title='bbox 419 1662 600 1731; x_wconf 85' lang='lat' dir='ltr'><strong>academiis</strong></span> <span class='ocrx_word' id='word_1_63' title='bbox 634 1666 858 1752; x_wconf 84' lang='lat' dir='ltr'><strong>magisterium</strong></span> <span class='ocrx_word' id='word_1_64' title='bbox 883 1654 1059 1752; x_wconf 83' lang='lat' dir='ltr'><strong>profanare</strong></span> <span class='ocrx_word' id='word_1_65' title='bbox 1079 1683 1147 1731; x_wconf 93' lang='lat' dir='ltr'><strong>non</strong></span> 
     </span>
     <span class='ocr_line' id='line_1_12' title="bbox 78 1795 1147 1899; baseline -0.002 -34"><span class='ocrx_word' id='word_1_66' title='bbox 78 1831 81 1836; x_wconf 95' lang='lat'>·</span> <span class='ocrx_word' id='word_1_67' title='bbox 154 1795 323 1881; x_wconf 85' lang='lat' dir='ltr'><strong>dubitent,</strong></span> <span class='ocrx_word' id='word_1_68' title='bbox 357 1799 593 1899; x_wconf 82' lang='lat' dir='ltr'><strong>ipsumque,</strong></span> <span class='ocrx_word' id='word_1_69' title='bbox 626 1802 737 1889; x_wconf 87' lang='lat' dir='ltr'><strong>quod</strong></span> <span class='ocrx_word' id='word_1_70' title='bbox 766 1802 878 1867; x_wconf 88' lang='lat' dir='ltr'><strong>tueri</strong></span> <span class='ocrx_word' id='word_1_71' title='bbox 904 1819 951 1866; x_wconf 90' lang='lat' dir='ltr'><strong>se</strong></span> <span class='ocrx_word' id='word_1_72' title='bbox 970 1799 1147 1876; x_wconf 86' lang='lat' dir='ltr'><strong>iactent,</strong></span> 
     </span>
     <span class='ocr_line' id='line_1_13' title="bbox 153 1916 1147 2020; baseline -0.006 -21"><span class='ocrx_word' id='word_1_73' title='bbox 153 1933 487 2000; x_wconf 86' lang='lat' dir='ltr'><strong>sacratissimum</strong></span> <span class='ocrx_word' id='word_1_74' title='bbox 508 1932 745 2002; x_wconf 89' lang='lat' dir='ltr'><strong>adulterare</strong></span> <span class='ocrx_word' id='word_1_75' title='bbox 767 1916 1066 2020; x_wconf 77' lang='lat' dir='ltr'><strong>dignoscantur</strong></span> <span class='ocrx_word' id='word_1_76' title='bbox 1086 1927 1147 1994; x_wconf 71' lang='lat' dir='ltr'><strong>lli·</strong></span> 
     </span>
     <span class='ocr_line' id='line_1_14' title="bbox 159 2052 1232 2163; baseline -0.004 -31"><span class='ocrx_word' id='word_1_77' title='bbox 159 2068 231 2134; x_wconf 89' lang='lat' dir='ltr'><strong>dei</strong></span> <span class='ocrx_word' id='word_1_78' title='bbox 260 2068 501 2154; x_wconf 89' lang='lat' dir='ltr'><strong>depositum.</strong></span> <span class='ocrx_word' id='word_1_79' title='bbox 545 2068 660 2157; x_wconf 81' lang='lat' dir='ltr'><strong>Atque</strong></span> <span class='ocrx_word' id='word_1_80' title='bbox 691 2073 777 2163; x_wconf 87' lang='lat' dir='ltr'><strong>inter</strong></span> <span class='ocrx_word' id='word_1_81' title='bbox 806 2052 995 2141; x_wconf 86' lang='lat' dir='ltr'><strong>huiusmodi</strong></span> <span class='ocrx_word' id='word_1_82' title='bbox 1026 2064 1148 2131; x_wconf 82' lang='lat' dir='ltr'><strong>erroris</strong></span> <span class='ocrx_word' id='word_1_83' title='bbox 1229 2092 1232 2097; x_wconf 95' lang='lat'>·</span> 
     </span>
     <span class='ocr_line' id='line_1_15' title="bbox 158 2195 1220 2288; baseline -0.002 -22"><span class='ocrx_word' id='word_1_84' title='bbox 158 2201 335 2288; x_wconf 81' lang='lat' dir='ltr'><strong>magistros</strong></span> <span class='ocrx_word' id='word_1_85' title='bbox 355 2202 400 2270; x_wconf 75' lang='lat' dir='ltr'><strong>eir</strong></span> <span class='ocrx_word' id='word_1_86' title='bbox 422 2202 589 2270; x_wconf 79' lang='lat' dir='ltr'><strong>constanti</strong></span> <span class='ocrx_word' id='word_1_87' title='bbox 620 2208 656 2270; x_wconf 91' lang='lat' dir='ltr'><strong>et</strong></span> <span class='ocrx_word' id='word_1_88' title='bbox 686 2205 758 2281; x_wconf 77' lang='lat' dir='ltr'><strong>tere</strong></span> <span class='ocrx_word' id='word_1_89' title='bbox 785 2202 949 2268; x_wconf 88' lang='lat' dir='ltr'><strong>communi</strong></span> <span class='ocrx_word' id='word_1_90' title='bbox 976 2220 1039 2288; x_wconf 89' lang='lat' dir='ltr'><strong>per</strong></span> <span class='ocrx_word' id='word_1_91' title='bbox 1063 2196 1148 2264; x_wconf 89' lang='lat' dir='ltr'><strong>Ger·</strong></span> <span class='ocrx_word' id='word_1_92' title='bbox 1217 2195 1220 2199; x_wconf 68' lang='grc'>’</span> 
     </span>
     <span class='ocr_line' id='line_1_16' title="bbox 157 2314 1150 2423; baseline -0.005 -20"><span class='ocrx_word' id='word_1_93' title='bbox 157 2338 302 2403; x_wconf 82' lang='lat' dir='ltr'><strong>maniam</strong></span> <span class='ocrx_word' id='word_1_94' title='bbox 335 2339 424 2404; x_wconf 86' lang='lat' dir='ltr'><strong>fama</strong></span> <span class='ocrx_word' id='word_1_95' title='bbox 460 2337 666 2413; x_wconf 85' lang='lat' dir='ltr'><strong>adnumerari</strong></span> <span class='ocrx_word' id='word_1_96' title='bbox 701 2314 921 2423; x_wconf 82' lang='lat' dir='ltr'><strong>Georgium</strong></span> <span class='ocrx_word' id='word_1_97' title='bbox 956 2330 1150 2414; x_wconf 83' lang='lat' dir='ltr'><strong>Hermes,</strong></span> 
     </span>
     <span class='ocr_line' id='line_1_17' title="bbox 158 2448 1150 2563; baseline -0.008 -23"><span class='ocrx_word' id='word_1_98' title='bbox 158 2478 280 2561; x_wconf 87' lang='lat' dir='ltr'><strong>utpote</strong></span> <span class='ocrx_word' id='word_1_99' title='bbox 308 2476 366 2563; x_wconf 87' lang='lat' dir='ltr'><strong>qui</strong></span> <span class='ocrx_word' id='word_1_100' title='bbox 392 2448 553 2541; x_wconf 87' lang='lat' dir='ltr'><strong>audacter</strong></span> <span class='ocrx_word' id='word_1_101' title='bbox 574 2496 594 2539; x_wconf 92' lang='lat' dir='ltr'><strong>a</strong></span> <span class='ocrx_word' id='word_1_102' title='bbox 615 2474 725 2561; x_wconf 86' lang='lat' dir='ltr'><strong>regio,</strong></span> <span class='ocrx_word' id='word_1_103' title='bbox 759 2493 860 2560; x_wconf 79' lang='lat' dir='ltr'><strong>quem</strong></span> <span class='ocrx_word' id='word_1_104' title='bbox 885 2471 1042 2538; x_wconf 84' lang='lat' dir='ltr'><strong>universa</strong></span> <span class='ocrx_word' id='word_1_105' title='bbox 1067 2467 1150 2533; x_wconf 86' lang='lat' dir='ltr'><strong>Tra·</strong></span> 
     </span>
     <span class='ocr_line' id='line_1_18' title="bbox 157 2599 1151 2695; baseline -0.011 -19"><span class='ocrx_word' id='word_1_106' title='bbox 157 2608 241 2676; x_wconf 91' lang='lat' dir='ltr'><strong>ditio</strong></span> <span class='ocrx_word' id='word_1_107' title='bbox 269 2613 307 2675; x_wconf 92' lang='lat' dir='ltr'><strong>et</strong></span> <span class='ocrx_word' id='word_1_108' title='bbox 326 2627 374 2675; x_wconf 89' lang='lat' dir='ltr'><strong>ss.</strong></span> <span class='ocrx_word' id='word_1_109' title='bbox 403 2609 524 2675; x_wconf 89' lang='lat' dir='ltr'><strong>Patres</strong></span> <span class='ocrx_word' id='word_1_110' title='bbox 558 2609 592 2674; x_wconf 95' lang='lat' dir='ltr'><strong>in</strong></span> <span class='ocrx_word' id='word_1_111' title='bbox 624 2607 831 2695; x_wconf 86' lang='lat' dir='ltr'><strong>exponendis</strong></span> <span class='ocrx_word' id='word_1_112' title='bbox 867 2626 908 2673; x_wconf 87' lang='lat' dir='ltr'><strong>ac</strong></span> <span class='ocrx_word' id='word_1_113' title='bbox 943 2599 1151 2672; x_wconf 85' lang='lat' dir='ltr'><strong>vindicandis</strong></span> 
     </span>
     <span class='ocr_line' id='line_1_19' title="bbox 159 2708 1152 2825; baseline -0.009 -16"><span class='ocrx_word' id='word_1_114' title='bbox 159 2743 258 2813; x_wconf 82' lang='lat' dir='ltr'><strong>Fidei</strong></span> <span class='ocrx_word' id='word_1_115' title='bbox 293 2716 493 2810; x_wconf 84' lang='lat' dir='ltr'><strong>veritatibus</strong></span> <span class='ocrx_word' id='word_1_116' title='bbox 529 2708 732 2825; x_wconf 85' lang='lat' dir='ltr'><strong>straverint,</strong></span> <span class='ocrx_word' id='word_1_117' title='bbox 779 2741 910 2807; x_wconf 89' lang='lat' dir='ltr'><strong>tramite</strong></span> <span class='ocrx_word' id='word_1_118' title='bbox 952 2738 1152 2818; x_wconf 83' lang='lat' dir='ltr'><strong>deflectens,</strong></span> 
     </span>
     <span class='ocr_line' id='line_1_20' title="bbox 160 2874 1220 2967; baseline -0.009 -22"><span class='ocrx_word' id='word_1_119' title='bbox 160 2880 241 2967; x_wconf 88' lang='lat' dir='ltr'><strong>quin</strong></span> <span class='ocrx_word' id='word_1_120' title='bbox 273 2883 310 2947; x_wconf 90' lang='lat' dir='ltr'><strong>et</strong></span> <span class='ocrx_word' id='word_1_121' title='bbox 342 2879 488 2967; x_wconf 88' lang='lat' dir='ltr'><strong>superbe</strong></span> <span class='ocrx_word' id='word_1_122' title='bbox 525 2883 741 2945; x_wconf 85' lang='lat' dir='ltr'><strong>contemnens</strong></span> <span class='ocrx_word' id='word_1_123' title='bbox 775 2881 810 2943; x_wconf 92' lang='lat' dir='ltr'><strong>et</strong></span> <span class='ocrx_word' id='word_1_124' title='bbox 844 2874 1024 2954; x_wconf 91' lang='lat' dir='ltr'><strong>damnans,</strong></span> <span class='ocrx_word' id='word_1_125' title='bbox 1060 2876 1153 2937; x_wconf 83' lang='lat' dir='ltr'><strong>tene·</strong></span> <span class='ocrx_word' id='word_1_126' title='bbox 1214 2930 1220 2947; x_wconf 71' lang='lat'>„</span> 
     </span>
     <span class='ocr_line' id='line_1_21' title="bbox 159 2986 1210 3098; baseline -0.011 -16"><span class='ocrx_word' id='word_1_127' title='bbox 159 3014 298 3082; x_wconf 88' lang='lat' dir='ltr'><strong>brosam</strong></span> <span class='ocrx_word' id='word_1_128' title='bbox 323 3013 368 3081; x_wconf 90' lang='lat' dir='ltr'><strong>ad</strong></span> <span class='ocrx_word' id='word_1_129' title='bbox 401 2986 546 3083; x_wconf 85' lang='lat' dir='ltr'><strong>errorem</strong></span> <span class='ocrx_word' id='word_1_130' title='bbox 583 3013 792 3098; x_wconf 88' lang='lat' dir='ltr'><strong>omnigenum</strong></span> <span class='ocrx_word' id='word_1_131' title='bbox 817 3011 906 3077; x_wconf 88' lang='lat' dir='ltr'><strong>viam</strong></span> <span class='ocrx_word' id='word_1_132' title='bbox 938 3004 1089 3075; x_wconf 91' lang='lat' dir='ltr'><strong>moliatur</strong></span> <span class='ocrx_word' id='word_1_133' title='bbox 1120 3005 1156 3083; x_wconf 87' lang='lat' dir='ltr'><strong>iu</strong></span> <span class='ocrx_word' id='word_1_134' title='bbox 1208 3022 1210 3027; x_wconf 75' lang='grc'><em>’</em></span> 
     </span>
     <span class='ocr_line' id='line_1_22' title="bbox 101 3136 1155 3238; baseline -0.014 -21"><span class='ocrx_word' id='word_1_135' title='bbox 101 3136 105 3141; x_wconf 61' lang='grc'><strong>’</strong></span> <span class='ocrx_word' id='word_1_136' title='bbox 159 3146 275 3217; x_wconf 85' lang='lat' dir='ltr'><strong>Dubio</strong></span> <span class='ocrx_word' id='word_1_137' title='bbox 312 3149 458 3236; x_wconf 89' lang='lat' dir='ltr'><strong>positivo</strong></span> <span class='ocrx_word' id='word_1_138' title='bbox 490 3155 649 3236; x_wconf 84' lang='lat' dir='ltr'><strong>tauquam</strong></span> <span class='ocrx_word' id='word_1_139' title='bbox 689 3145 767 3238; x_wconf 86' lang='lat' dir='ltr'><strong>basi</strong></span> <span class='ocrx_word' id='word_1_140' title='bbox 806 3145 914 3212; x_wconf 88' lang='lat' dir='ltr'><strong>omnis</strong></span> <span class='ocrx_word' id='word_1_141' title='bbox 947 3137 1155 3224; x_wconf 85' lang='lat' dir='ltr'><strong>theologicae</strong></span> 
     </span>
     <span class='ocr_line' id='line_1_23' title="bbox 161 3275 1162 3373; baseline -0.014 -21"><span class='ocrx_word' id='word_1_142' title='bbox 161 3283 402 3373; x_wconf 82' lang='lat' dir='ltr'><strong>inquisitionis,</strong></span> <span class='ocrx_word' id='word_1_143' title='bbox 424 3288 461 3350; x_wconf 92' lang='lat' dir='ltr'><strong>et</strong></span> <span class='ocrx_word' id='word_1_144' title='bbox 480 3284 516 3349; x_wconf 92' lang='lat' dir='ltr'><strong>in</strong></span> <span class='ocrx_word' id='word_1_145' title='bbox 529 3283 702 3371; x_wconf 85' lang='lat' dir='ltr'><strong>principio,</strong></span> <span class='ocrx_word' id='word_1_146' title='bbox 724 3279 817 3369; x_wconf 88' lang='lat' dir='ltr'><strong>quod</strong></span> <span class='ocrx_word' id='word_1_147' title='bbox 837 3280 976 3358; x_wconf 84' lang='lat' dir='ltr'><strong>statuat,</strong></span> <span class='ocrx_word' id='word_1_148' title='bbox 997 3275 1162 3341; x_wconf 66' lang='lat' dir='ltr'><strong>rationem,</strong></span> 
     </span>
     <span class='ocr_line' id='line_1_24' title="bbox 162 3402 1158 3508; baseline -0.014 -22"><span class='ocrx_word' id='word_1_149' title='bbox 162 3402 347 3508; x_wconf 85' lang='lat' dir='ltr'><strong>principem</strong></span> <span class='ocrx_word' id='word_1_150' title='bbox 378 3439 526 3485; x_wconf 90' lang='lat' dir='ltr'><strong>normam</strong></span> <span class='ocrx_word' id='word_1_151' title='bbox 558 3437 600 3484; x_wconf 85' lang='lat' dir='ltr'><strong>ac</strong></span> <span class='ocrx_word' id='word_1_152' title='bbox 626 3419 760 3484; x_wconf 89' lang='lat' dir='ltr'><strong>unicum</strong></span> <span class='ocrx_word' id='word_1_153' title='bbox 785 3415 930 3483; x_wconf 90' lang='lat' dir='ltr'><strong>medium</strong></span> <span class='ocrx_word' id='word_1_154' title='bbox 955 3429 1053 3493; x_wconf 91' lang='lat' dir='ltr'><strong>esse,</strong></span> <span class='ocrx_word' id='word_1_155' title='bbox 1089 3425 1158 3496; x_wconf 85' lang='lat' dir='ltr'><strong>quo</strong></span> 
     </span>
     <span class='ocr_line' id='line_1_25' title="bbox 162 3546 1159 3641; baseline -0.012 -21"><span class='ocrx_word' id='word_1_156' title='bbox 162 3554 262 3620; x_wconf 90' lang='lat' dir='ltr'><strong>homo</strong></span> <span class='ocrx_word' id='word_1_157' title='bbox 285 3554 555 3641; x_wconf 86' lang='lat' dir='ltr'><strong>assequipossit</strong></span> <span class='ocrx_word' id='word_1_158' title='bbox 581 3549 878 3639; x_wconf 88' lang='lat' dir='ltr'><strong>supernaturalium</strong></span> <span class='ocrx_word' id='word_1_159' title='bbox 904 3546 1081 3614; x_wconf 88' lang='lat' dir='ltr'><strong>veritatum</strong></span> <span class='ocrx_word' id='word_1_160' title='bbox 1102 3560 1159 3609; x_wconf 91' lang='lat' dir='ltr'><strong>co·</strong></span> 
     </span>
     <span class='ocr_line' id='line_1_26' title="bbox 166 3675 1162 3776; baseline -0.01 -24"><span class='ocrx_word' id='word_1_161' title='bbox 166 3689 364 3776; x_wconf 75' lang='lat' dir='ltr'><strong>guidonem·</strong></span> <span class='ocrx_word' id='word_1_162' title='bbox 407 3684 668 3754; x_wconf 78' lang='lat' dir='ltr'><strong>sanctissimum</strong></span> <span class='ocrx_word' id='word_1_163' title='bbox 693 3687 843 3766; x_wconf 89' lang='lat' dir='ltr'><strong>Patrem,</strong></span> <span class='ocrx_word' id='word_1_164' title='bbox 869 3686 1050 3772; x_wconf 86' lang='lat' dir='ltr'><strong>postquam</strong></span> <span class='ocrx_word' id='word_1_165' title='bbox 1074 3675 1162 3744; x_wconf 90' lang='lat' dir='ltr'><strong>baec</strong></span> 
     </span>
     <span class='ocr_line' id='line_1_27' title="bbox 166 3806 1163 3908; baseline -0.013 -20"><span class='ocrx_word' id='word_1_166' title='bbox 166 3844 213 3888; x_wconf 86' lang='lat' dir='ltr'><strong>ex</strong></span> <span class='ocrx_word' id='word_1_167' title='bbox 238 3818 381 3908; x_wconf 87' lang='lat' dir='ltr'><strong>plurium</strong></span> <span class='ocrx_word' id='word_1_168' title='bbox 408 3818 604 3887; x_wconf 85' lang='lat' dir='ltr'><strong>Germaniae</strong></span> <span class='ocrx_word' id='word_1_169' title='bbox 642 3817 890 3907; x_wconf 83' lang='lat' dir='ltr'><strong>Theologomm</strong></span> <span class='ocrx_word' id='word_1_170' title='bbox 925 3806 1163 3897; x_wconf 80' lang='lat' dir='ltr'><strong>sacrorumque</strong></span> 
     </span>
     <span class='ocr_line' id='line_1_28' title="bbox 171 3943 1165 4035; baseline -0.015 -12"><span class='ocrx_word' id='word_1_171' title='bbox 171 3954 352 4023; x_wconf 78' lang='lat' dir='ltr'><strong>Ecclesiae</strong></span> <span class='ocrx_word' id='word_1_172' title='bbox 374 3957 552 4022; x_wconf 87' lang='lat' dir='ltr'><strong>Pastorum</strong></span> <span class='ocrx_word' id='word_1_173' title='bbox 578 3951 903 4035; x_wconf 87' lang='lat' dir='ltr'><strong>denuntiationibus,</strong></span> <span class='ocrx_word' id='word_1_174' title='bbox 925 3943 1165 4017; x_wconf 87' lang='lat' dir='ltr'><strong>reclamationi·</strong></span> 
     </span>
    </p>
   </div>
   <div class='ocr_carea' id='block_1_4' title="bbox 171 4077 1161 4186">
    <p class='ocr_par' dir='ltr' id='par_1_4' title="bbox 171 4077 1161 4186">
     <span class='ocr_line' id='line_1_29' title="bbox 171 4077 1161 4186; baseline -0.015 -29"><span class='ocrx_word' id='word_1_175' title='bbox 171 4089 238 4157; x_wconf 88' lang='lat' dir='ltr'><strong>bns</strong></span> <span class='ocrx_word' id='word_1_176' title='bbox 260 4096 296 4157; x_wconf 94' lang='lat' dir='ltr'><strong>et</strong></span> <span class='ocrx_word' id='word_1_177' title='bbox 318 4088 643 4186; x_wconf 86' lang='lat' dir='ltr'><strong>expostulationibus</strong></span> <span class='ocrx_word' id='word_1_178' title='bbox 666 4086 709 4154; x_wconf 87' lang='lat' dir='ltr'><strong>ad</strong></span> <span class='ocrx_word' id='word_1_179' title='bbox 735 4086 847 4176; x_wconf 86' lang='lat' dir='ltr'><strong>Ipsius</strong></span> <span class='ocrx_word' id='word_1_180' title='bbox 875 4104 974 4154; x_wconf 88' lang='lat' dir='ltr'><strong>aures</strong></span> <span class='ocrx_word' id='word_1_181' title='bbox 995 4077 1161 4169; x_wconf 89' lang='lat' dir='ltr'><strong>pervenis·</strong></span> 
     </span>
    </p>
   </div>
   <div class='ocr_carea' id='block_1_5' title="bbox 0 0 1283 4792">
    <p class='ocr_par' dir='ltr' id='par_1_5' title="bbox 0 0 1283 4792">
     <span class='ocr_line' id='line_1_30' title="bbox 0 0 1283 4792; baseline 0 0"><span class='ocrx_word' id='word_1_182' title='bbox 0 0 1283 4792; x_wconf 95' lang='lat' dir='ltr'><strong> </strong></span> 
     </span>
    </p>
   </div>
  </div>
 </body>
</html>
