2514 4792
653 226 817 319 ros·

24 498 28 515 ,,
89 404 91 409 V
157 442 256 526 igitur
277 395 514 505 eodemmodo
537 436 580 505 de
601 435 655 504 lrlr
674 432 888 503 iudicandum
909 439 977 517 est,
1007 452 1101 520 quos
1122 453 1208 498 rursu
1252 459 1253 482 κ

70 596 76 604 ,
148 556 253 648 primi
281 554 520 646 Apostolorum
551 552 784 622 successores
817 555 1088 634 constituerunt,
1120 557 1154 617 et
1177 553 1209 618 sic
1251 591 1253 610 ι

70 676 72 681 ’
159 675 277 744 deince
302 696 330 742 s.
693 722 697 733 .

240 697 404 863 Arlinter
423 768 520 880 ipsos
540 786 728 878 Apostolos
749 810 791 856 ac
811 786 980 876 legitimos
1009 807 1130 857 eorum
1148 783 1210 854 sn-

156 934 315 982 eesscres
336 932 436 980 unum
458 908 604 997 aliquem
627 928 708 995 prae
730 910 854 974 ceteris
875 927 995 995 gerere
1021 905 1210 993 Principe

96 1051 101 1061 ·
156 1038 238 1099 tum
270 1033 442 1118 totiusque
473 1027 641 1100 ecclesiae
673 1025 816 1094 visibilis
849 1010 986 1114 Caput
1017 1044 1104 1092 esse
1133 1021 1211 1091 volut

156 1144 465 1216 Jeruschristusr
507 1145 548 1214 ld
567 1147 648 1234 quin
669 1143 900 1214 affirmandum
920 1145 986 1229 sit,
1017 1142 1079 1212 vel
1104 1147 1210 1232 propte

155 1254 284 1336 interna
311 1269 513 1354 argumenta..
531 1285 599 1332 nou
631 1261 765 1332 ridetur
791 1282 899 1352 posse
926 1259 1089 1331 dubitari.
1138 1259 1209 1329 (lert

155 1389 243 1454 enim
272 1384 380 1453 ¹iesus
411 1381 582 1450 Christus
599 1381 767 1450 ecelesiae
795 1402 879 1449 suae
904 1379 1008 1448 talem
1036 1402 1106 1468 per
1131 1380 1208 1449 onn'

156 1504 294 1571 dedisse
324 1500 672 1570 formamcredendns
702 1505 776 1586 est,
807 1520 899 1591 quae
920 1499 966 1567 ad
987 1497 1208 1587 assequenlp

155 1620 255 1689 iinem
275 1622 341 1709 ipsi
360 1621 571 1709 propositum
591 1621 789 1685 necessaria
817 1610 913 1686 esset
933 1621 994 1684 aut
1014 1620 1163 1688 maxime
1176 1635 1207 1683 ae

156 1738 394 1806 commodata:
418 1739 527 1826 Atqui
545 1735 646 1804 iacile
659 1735 852 1824 intelligitur
866 1737 901 1802 in
913 1734 981 1803 huc
996 1756 1132 1823 genere
1145 1737 1206 1805 eo·

39 1926 48 1959 ,
157 1856 426 1940 Primatum-non
439 1857 576 1925 honoris
592 1855 656 1922 sed
670 1854 920 1940 iurisdictionis,
930 1857 1074 1923 maximi
1087 1852 1200 1925 mund

157 1996 248 2060 esse,
264 1974 468 2062 praesertim
489 1977 521 2042 si
540 1972 710 2042 iuiallibile
729 1973 980 2061 Magisteriunr,
1003 1976 1106 2062 quod
1128 1972 1207 2043 divi

61 2172 63 2180 Ι
157 2101 223 2161 tus·
236 2096 524 2169 iustitutrr'rrr'··esse
546 2094 775 2180 cognovimus,
803 2093 1004 2178 gravissimo
1026 2088 1160 2162 muneri
1173 2109 1212 2159 ru

159 2205 354 2281 satisfaciat.
391 2213 486 2290 ‚Nam
500 2210 678 2299 quomodo,
708 2230 849 2298 quaeso,
871 2209 1043 2278 ccclesiae
1062 2235 1128 2302 per
1138 2215 1215 2280 uun

158 2329 290 2398 scilicet
319 2337 482 2399 terrarum
512 2328 628 2399 orbem
645 2330 755 2413 *iussu
789 2329 900 2396 divino
926 2330 1161 2418 propagandae
1179 2345 1213 2392 rc

162 2434 369 2538 propageltu'e
396 2446 550 2535 Magistri
577 2447 743 2535 iidemque
773 2447 954 2515 Antistites
985 2445 1213 2517 controverti!
1251 2430 1253 2443 ¹

160 2567 215 2632 lric
235 2566 304 2634 illic
326 2572 462 2633 exortas
491 2554 580 2632 iuste
607 2565 758 2632 dirimere
780 2570 816 2632 et
830 2565 1009 2631 communi
1038 2567 1217 2634 auctoritate

158 2706 220 2752 sna
242 2700 453 2771 componere,
476 2683 644 2771 quomodo
664 2682 764 2749 fidem
784 2686 819 2749 in
840 2684 1087 2754 diversissimis
1103 2684 1210 2772 regioni
1250 2706 1253 2775 ῑ

156 2802 222 2870 bus
253 2801 296 2868 ab
310 2800 503 2890 ¹'Apostoliu
534 2802 690 2868 traditam
721 2803 807 2867 satis
836 2800 1036 2897 explorare,
1073 2799 1216 2892 quomod

156 2920 339 3011 perversae¹
371 2922 569 2987 novationes
600 2926 701 3008 atque
735 2938 867 2987 errores
899 2921 987 2989 satis
1025 2920 1218 3008 dignoscere,

158 3047 275 3109 nutare
296 3061 338 3108 ac
358 3038 468 3128 palam
488 3041 621 3125 facere,
639 3037 825 3127 quomodo,
853 3036 935 3127 quid
954 3049 1017 3126 pro
1039 3059 1129 3107 vera
1147 3037 1219 3107 Glr'r

159 3162 204 3227 sti
226 3159 376 3226 doctriua
400 3157 589 3226 habendum
615 3164 674 3226 aut
700 3158 744 3226 ad
771 3155 950 3246 salutarem
977 3176 1114 3229 morum
1141 3156 1220 3225 disci

159 3275 281 3364 plinam
302 3278 605 3347 fluctuosissimnm
627 3264 738 3361 esset,
767 3276 897 3343 collatis
917 3276 1102 3343 sententiis
1126 3275 1221 3343 decer·

15 3450 18 3456 .
158 3415 256 3478 nere,
279 3394 416 3462 decreta
438 3415 514 3461 eum
535 3394 688 3461 omnibus
711 3393 867 3461 fidelibus
887 3393 1142 3463 communicare
1159 3412 1222 3482 por

159 3519 246 3596 sent,
269 3515 300 3578 si
315 3514 382 3601 ipsi
397 3518 551 3581 carerent
572 3517 687 3580 centro
710 3514 859 3596 unitatis,
881 3512 1024 3579 sinemo
1040 3513 1132 3580 inter
1144 3514 1223 3600 ipro

158 3651 266 3698 rerum
294 3630 338 3698 ad
366 3632 593 3699 oeconomiam
620 3616 765 3699 divinam
784 3628 980 3704 ‘salutarem
1001 3631 1226 3716 pertinentium

122 3772 124 3777 ·
159 3769 319 3814 summam
339 3750 578 3833 moderaretur,
599 3749 880 3841 uemoPrinceps
902 3768 1060 3834 suprema
1083 3748 1226 3817 iurisdic·
1248 3720 1253 3747 1

150 3869 249 3934 ¹tione
277 3889 297 3934 a
324 3867 400 3934 Deo
432 3866 605 3955 praeditus
638 3870 673 3933 et
705 3865 917 3954 singulorum·
939 3868 1145 3935 Antistitum
1174 3865 1228 3935 etsi

92 4074 95 4079 ³
160 3987 270 4075 spatio
292 3987 589 4075 remotissimorum
608 3986 763 4052 actiones
786 3984 828 4051 ad
844 4004 1053 4052 communem
1073 3983 1177 4055 linem
1190 3984 1229 4054 di·

71 4158 73 4163 ⁴
158 4107 269 4192 rigens
298 4103 533 4191 agnoscendus
553 4099 669 4173 esseti
701 4100 818 4201 ltaque
832 4083 946 4175 vel—en
959 4103 1054 4174 idea
1068 4104 1229 4177 ecclesie
