2514 4792
538 230 615 293 117

70 409 195 475 tione
216 412 549 497 supernaturali,
582 415 617 481 id
638 413 807 501 quomodo
827 417 1109 504 interpretandum

70 575 79 603 ‚
115 530 204 595 satis
227 535 366 627 apparet
386 549 431 596 ex
457 532 606 598 eiusdem
632 524 889 601 introductionis
917 535 1108 627 Philosopli
1164 536 1168 541 ’

70 649 150 729 66,
184 638 287 735 atque
319 634 366 715 ita
397 634 565 716 consentit
595 671 671 717 cum
703 649 865 747 doctrina·
880 654 1036 740 Apostoli
1064 654 1109 721 ad

72 787 131 831 ln.
155 770 191 850 2,
212 775 262 851 ut,
284 770 345 856 qui
364 770 564 836 eontrarium
585 774 747 853 statuunt,
768 768 848 837 mihi
869 773 1042 839 videantur
1063 772 1107 838 ab
1132 766 1139 789 ⁸

70 886 201 952 motolo
225 885 377 953 deficere.
421 885 476 954 De
498 889 665 954 interna
687 891 798 955 autem
818 889 925 975 gratia
947 912 1106 978 superna·

69 1002 132 1069 nli
152 1002 232 1071 nihil
251 1004 315 1072 hoe
345 1005 419 1073 loeo
449 1005 531 1074 dieit
555 1007 771 1091 Hermesins,
803 1005 868 1073 hoe
891 1014 961 1093 est,
993 1028 1105 1097 neque

69 1128 173 1189 irruat
194 1145 302 1210 neque
322 1129 424 1210 negat
444 1121 544 1190 talem
565 1127 703 1210 gratiam
731 1124 855 1193 homini
875 1126 1104 1192 neeessariam

69 1260 126 1325 se,
153 1247 193 1309 ut
213 1242 257 1308 ad
277 1240 365 1307 illam
384 1242 452 1309 Dei
474 1263 647 1330 rerumque
670 1245 852 1311 divinarum
880 1244 1103 1330 cognitionem
1138 1315 1141 1321 .

69 1358 169 1427 iouis
191 1383 254 1427 usn
274 1360 455 1448 perveniat
498 1360 632 1427 Minime
652 1361 731 1445 hoe,
754 1361 1030 1450 quemadmodum
1045 1381 1102 1426 su·

69 1496 92 1539 1
114 1478 159 1565 (p-
168 1481 297 1564 108⁸.)
319 1477 464 1562 ostendi,
486 1478 794 1566 reprehendendum
815 1481 881 1549 sed
899 1481 1012 1568 potius
1033 1477 1102 1543 lau·
1220 1493 1234 1507 ⁴

68 1595 176 1662 ndum
197 1602 267 1681 est,
299 1600 473 1685 omnisque
494 1599 663 1685 suspicio,
696 1600 794 1686 siqua
822 1604 934 1666 tamen
962 1594 1104 1662 suboriri

68 1718 158 1790 tuit,
189 1718 324 1804 penitus
345 1716 484 1800 tollitur,
517 1722 555 1782 nt
575 1719 715 1803 primum
729 1718 904 1795 'Hermesii
924 1720 1104 1783 tractatum

90 1837 195 1920 gratia
217 1834 428 1902 consolinus.
474 1831 574 1900 Certe
595 1840 706 1901 autem
726 1834 882 1902 librorum
904 1836 1102 1921 interpretes

91 1973 260 2037 censores,
282 1955 346 2018 nisi
367 1954 565 2038 saepissime
587 1953 620 2017 in
641 1953 800 2019 iustitiam
819 1970 964 2041 peecare
980 1957 1014 2016 et
1028 1972 1102 2036 gra-

67 2072 200 2137 asianam
220 2071 351 2158 eulpam
373 2071 439 2137 sibi
454 2069 648 2138 contrahere
660 2069 778 2155 velint,
799 2070 887 2139 hane
900 2076 979 2137 ante
993 2070 1101 2135 omnia

67 2204 137 2269 gem
164 2189 410 2258 studiosissime
442 2189 624 2257 ohservare
653 2188 791 2273 debent,
823 2195 860 2257 ut
881 2211 923 2255 ex
955 2186 1102 2275 diligenti

68 2308 172 2373 mium
192 2308 342 2375 locorum
355 2310 621 2395 eonrparatione,
642 2328 708 2375 non
724 2329 769 2375 ex
791 2328 856 2375 uno
871 2312 999 2375 tanturn
1012 2304 1100 2388 loro,

66 2427 174 2494 nasse
201 2405 353 2515 ancipiti,
386 2448 467 2495 vera
493 2427 669 2513 scriptoris
696 2418 864 2493 sententia
896 2427 1099 2492 aestimetur.

110 2546 283 2613 Admonet
312 2545 378 2611 ioci
405 2547 654 2633 opportunitas,
687 2548 726 2609 ut
753 2542 852 2613 aliam
879 2542 1102 2611 obiectionem

66 2675 87 2721 Β
111 2666 179 2751 ipsi
199 2666 318 2751 paneis
345 2661 460 2730 verbis
489 2662 714 2751 expediamus.
758 2661 799 2728 Si
826 2663 934 2751 gratia
960 2659 1101 2727 aetuat'ur

67 2784 163 2849 erior
182 2783 375 2848 necessaria
395 2785 451 2851 est
468 2781 513 2850 sd
532 2779 631 2848 fldem
653 2762 798 2847 divinam
817 2779 1008 2863 salutarem,
1023 2784 1058 2844 et
1071 2778 1102 2842 si

66 2890 200 2967 ffioiens
221 2902 348 2990 gratiae
370 2898 527 2967 auxilium
548 2899 714 2966 adistam
735 2896 833 2965 fidem
855 2894 1102 2994 suscipiendam

66 3008 207 3106 torique
232 3018 356 3086 homini
384 3018 616 3111 impertitura
636 3016 728 3084 Deo:
762 3038 873 3083 annon
900 3012 1103 3102 superfluum
1188 3033 1215 3071 ,·

66 3133 84 3194 t
115 3139 254 3204 rationis
272 3157 337 3203 usu
364 3137 399 3202 in
420 3132 673 3209 eredibilitatem
701 3133 875 3211 doetrinae¹
901 3132 1101 3200 christianae

65 3254 192 3329 Jnirere
215 3262 274 3320 aut
295 3254 446 3322 eiusdem
468 3253 638 3319 dorrninae
667 3255 840 3319 veritatem
868 3248 984 3319 solidis
1006 3270 1102 3334 argu-

65 3373 149 3439 nas
172 3373 399 3442 demonstrare
418 3368 530 3440 velle?
551 3360 686 3439 Minime
708 3374 859 3439 onmium.
902 3372 990 3435 Nam
1005 3364 1103 3433 Deus

65 3482 163 3558 fidem
184 3514 261 3560 *non
288 3491 331 3557 ad
346 3490 418 3558 'hoe
447 3492 601 3579 promisit
626 3495 685 3556 aut
709 3488 825 3557 tribuit
851 3487 951 3556 nohis
977 3486 1103 3573 gratiae

65 3615 109 3666 ¹2
132 3609 369 3695 adiumentum,
390 3615 429 3681 ut
452 3606 835 3676 Coeeutianismum
857 3625 1047 3693 sequamur,
1067 3607 1106 3669 ut
1156 3682 1174 3703 Ἰ

64 3733 229 3797 eruentes
252 3730 391 3795 rationis
413 3727 537 3810 tumen,
559 3728 627 3795 etsi
646 3730 815 3814 exiguum,
839 3732 873 3793 et
893 3743 1032 3812 prorsus
1055 3725 1104 3785 te-

65 3841 115 3904 re
151 3847 330 3915 credentes
360 3851 507 3913 contre
535 3846 730 3915 officium
756 3866 911 3932 agamus,
945 3842 1006 3907 sed
1033 3843 1106 3927 ipse

64 3951 158 4037 tius*
172 3964 260 4033 bane
288 3966 392 4032 habet
420 3962 643 4049 voluntatem,
671 3984 758 4053 quae
785 3972 822 4029 et
835 3976 933 4029 lvoce
964 3959 1132 4048 quadarn¹

64 4084 182 4165 eriori
201 4083 303 4154 nobis
322 4084 500 4154 manifesta
525 4080 575 4169 fit,
596 4088 633 4151 et
652 4086 760 4150 sacris
781 4081 901 4151 litteris
921 4100 1027 4166 saepe
1047 4098 1106 4143 nu-
