2514 4792
590 246 597 261 ''
627 244 699 308 Vlll

131 421 302 551 verparii,
342 433 537 509 ferociores
562 431 664 531 facti,
706 430 835 506 litteris
860 402 1088 528 Apostolicis
1114 431 1209 503 insi-

132 574 245 671 gniter
278 571 461 645 abutantur
494 567 539 642 ad
569 565 782 642 discordias·
803 563 1023 639 seminandas
1049 571 1111 638 aut
1137 589 1209 675 nn-

132 702 299 803 triendas,
328 703 372 778 ad
398 703 650 777 Hermesianos
665 713 809 777 'temere
834 697 1029 796 vexandoS,
1058 699 1102 774 ad
1117 724 1210 775 auc-

132 844 306 916 toritatem
332 837 731 937 Reverendissimorum
757 835 1018 934 Episcoporum
1044 839 1211 911 minuen-

134 973 225 1074 dam,
252 973 296 1049 ad
322 975 667 1051 Bautaenianismum
689 968 752 1047 vel
777 968 915 1047 similes
942 968 1149 1070 disciplinas
1176 971 1234 1047 in¹

59 1164 69 1171 -
133 1109 323 1185 ecclesiam
344 1105 593 1185 Germanicam
609 1105 889 1185 introducendas.
916 1149 968 1161 -
994 1103 1122 1181 Latine
1142 1131 1212 1183 au-

132 1254 204 1322 tem
231 1270 294 1320 cur
320 1246 480 1319 scribere
505 1241 713 1341 maluerim,
750 1243 842 1323 duae
872 1246 1093 1343 potissimum
1120 1265 1209 1317 cau·

134 1404 196 1455 sae
222 1391 312 1457 sunt.
365 1381 523 1456 Primum
551 1377 641 1455 illud
673 1380 850 1476 spectavi,
883 1385 922 1453 ut
948 1403 970 1451 a
996 1387 1211 1454 controver-

135 1516 201 1588 siis
225 1512 446 1613 theologicis,
474 1538 633 1612 magnam
656 1523 789 1613 partem
803 1511 1004 1612 subtilibus,
1032 1524 1215 1590 arceretur

133 1647 337 1747 multitudo,
372 1673 462 1748 quae
495 1671 601 1747 quum
632 1649 790 1725 iudicare
824 1648 1003 1723 derebus
1029 1670 1099 1723 non
1125 1654 1214 1723 satis

133 1787 265 1883 possit,
299 1793 418 1860 tamen
449 1786 659 1884 saepissime
692 1785 761 1857 sibi
779 1784 953 1860 iudicium
982 1795 1140 1883 arrogat,
1177 1787 1213 1858 in

134 1923 304 2018 cauponis
344 1930 489 2022 tractat,
533 1944 623 2020 quae
655 1923 691 1994 in
730 1919 862 1995 scholis
899 1919 1079 1994 tractanda
1117 1928 1208 2014 sunt,

19 2044 23 2051 ¹
135 2060 283 2155 partium
310 2057 428 2133 studio
455 2061 607 2154 agitatur
633 2069 667 2132 et
688 2081 736 2130 ex
749 2055 852 2146 dictis
880 2052 1063 2155 aculeatis,
1088 2058 1210 2152 siquae

135 2190 291 2267 admixta
318 2202 398 2268 sunt
424 2217 444 2266 a
471 2160 779 2291 concertantibus,
813 2189 1082 2293 oblectationem
1109 2194 1214 2285 capit.

135 2324 277 2400 Deinde
304 2326 340 2399 id
367 2323 555 2409 consilium
581 2339 752 2426 sequutus
779 2351 875 2426 sum,
903 2336 943 2402 ut
968 2328 1060 2402 docti
1089 2325 1214 2398 Theo·

135 2458 210 2557 logi
242 2485 382 2558 omnes,
419 2464 525 2534 etiam
558 2465 618 2560 qui
644 2471 746 2535 extra
776 2457 1004 2539 Germaniam
1030 2472 1152 2537 essent
1180 2475 1217 2537 et

134 2593 278 2693 linguae
306 2592 542 2672 Germanicae
567 2601 737 2705 imperiti,
765 2620 873 2697 causa
898 2602 1082 2696 utriusque
1102 2601 1218 2694 partis

135 2740 301 2806 accurate
335 2737 478 2829 cognita
503 2741 540 2807 et
572 2730 747 2831 perpensa
780 2745 913 2811 certam
944 2736 1042 2808 ferre
1069 2741 1217 2807 senten-

135 2869 220 2942 tium
246 2879 402 2966 possent.
455 2869 544 2983 Non
570 2866 702 2967 dubito,
729 2871 814 2967 quin
839 2869 905 2944 has
929 2873 1096 2963 rationes,
1123 2891 1217 2968 quae

135 3025 367 3103 magnopere,
401 3007 611 3102 praesertim
644 3007 680 3077 in
712 3001 923 3102 theologicis
949 3006 1217 3100 controversiis,

135 3133 285 3213 Latinae
317 3138 459 3234 linguae
490 3163 593 3215 usum
626 3140 890 3240 commendant,
932 3142 1115 3241 probaturi
1148 3144 1218 3215 sint

136 3268 281 3361 scholae
315 3275 573 3349 Hermesianae
606 3273 821 3373 adversarii,
862 3287 899 3349 et
931 3284 1118 3374 propterea
1152 3299 1216 3350 eos

112 3429 223 3504 ,rogo
250 3403 353 3507 atque
379 3407 562 3509 exhortor,
598 3421 636 3485 ut
662 3423 698 3484 et
722 3415 812 3509 ipsi,
848 3408 965 3509 siquid
992 3409 1085 3485 male
1112 3435 1133 3484 a
1160 3437 1219 3484 me

139 3540 353 3641 explicatum
380 3554 512 3645 putent,
540 3545 665 3621 eadem
692 3546 758 3621 hac
783 3544 906 3642 lingo»
927 3552 1069 3635 utantur
1094 3545 1217 3619 adre-

139 3672 343 3784 lellendum
397 3679 670 3757 Paratissimum
702 3706 761 3756 me
793 3669 968 3759 habebunt
1002 3683 1047 3757 ad
1078 3671 1219 3756 retrac-

138 3811 241 3895 tanda
268 3839 323 3916 ea,
349 3818 384 3890 in
412 3817 539 3924 quibus
566 3841 709 3893 errasse
725 3841 781 3890 mc
799 3815 1030 3915 intellexero;
1057 3813 1144 3891 nihil
1161 3829 1235 3891 est.

139 3951 229 4026 enim
256 3955 403 4049 turpius,
431 3976 533 4049 quam
560 3953 736 4027 obstinate
763 3952 1020 4029 adhaerescere
1047 3957 1171 4031 errori.
1252 3972 1256 3977 ·

115 4174 119 4181 Ι
241 4080 373 4215 Unum
389 4097 509 4184 restat,
537 4087 631 4187 quod
657 4092 781 4187 paucis
807 4112 1088 4167 commemorem.
1143 4085 1216 4167 01-
