2514 4792
430 216 638 341 'rsa

45 456 107 549 ito
121 459 162 520 ut
180 452 445 541 imperfectio
467 459 750 544 quantitative
769 454 868 526 nohis
887 456 1133 543 adhaerescens

47 594 144 641 non
165 572 291 639 cadat
310 574 344 639 in
364 571 485 641 Deum.
527 575 674 645 Accedit
700 577 808 662 ipsius
835 574 1005 664 qualitatis
1026 577 1133 647 diver-

48 693 161 774 sitas,
182 696 283 778 atque
304 688 390 758 hacc
410 694 582 781 praecipui
602 695 759 761 momenti
780 697 834 761 cst
855 693 1043 787 admoram
1055 718 1134 763 ana·

48 810 185 898 logiam
204 808 248 875 ab
269 809 447 878 Hermesio
468 808 671 883 alliunatam.
714 812 789 879 Nos
810 811 885 880 sola
904 813 1135 902 phaenomena

47 929 245 1010 intuemur,
266 928 360 1014 ipsas
381 926 589 997 substantias
611 936 647 997 et
666 932 757 999 vires
779 931 968 999 effectrices
987 931 1135 1019 phaeno-

49 1066 234 1123 menorum
253 1045 411 1114 intuendo
428 1050 567 1135 assequi
582 1053 618 1115 et
630 1054 805 1135 penetrare
820 1070 887 1116 non
900 1071 1081 1138 possumus
1087 1050 1135 1151 *li

51 1162 156 1253 quod
178 1169 294 1231 contra
320 1163 484 1234 sehabet
510 1168 545 1233 in
564 1165 651 1233 Deo.
694 1167 845 1251 Rursus,
879 1172 919 1235 ut
937 1188 1001 1234 nos
1027 1171 1135 1236 intue-

56 1303 173 1364 amur,
194 1276 397 1369 praecedere
418 1282 522 1351 dehet
541 1283 694 1375 impulsio
715 1308 737 1352 a
750 1284 852 1354 rebus
874 1283 1016 1353 obiectis
1036 1283 1136 1371 proli·

53 1404 215 1485 ciscens3
247 1421 384 1489 es-quo
412 1408 553 1490 apparet
578 1410 767 1471 nostrarum
793 1403 942 1473 intuendi
969 1404 1137 1470 actionum

53 1540 203 1587 causam
217 1520 355 1601 ,nmine
368 1521 403 1586 in
416 1520 515 1589 achis
535 1520 619 1589 solis
639 1525 785 1610 positam
806 1543 898 1605 esse,
918 1525 1136 1609 nostramque

52 1638 211 1707 marandi
229 1635 424 1706 securitatem
451 1640 591 1732 nmine,
609 1639 797 1709 absolutam
823 1661 903 1709 esse
923 1639 987 1706 sed
1008 1660 1052 1707 ex
1071 1638 1137 1707 alio

56 1755 326 1857 dependentemr
356 1759 455 1827 etiam
475 1756 541 1824 hoc
562 1759 598 1825 in
618 1759 712 1842 Deo,
733 1780 842 1827 rerum
868 1759 1015 1846 ipsarum
1037 1757 1137 1845 Crea-

57 1883 157 1959 tore,
189 1880 308 1943 contra
335 1894 375 1941 se
400 1872 525 1943 habere
551 1895 696 1944 neccsse
724 1880 787 1944 est
830 1874 881 1943 Ita
903 1879 1001 1943 etiam
1028 1878 1136 1945 omnis

65 1991 329 2079 imperfectio
363 1991 617 2080 qualitativa
648 1992 747 2081 nohis
778 1993 1026 2061 adhaerescens
1056 2016 1137 2062 non

61 2108 182 2177 cadit
199 2111 236 2177 in
255 2108 374 2179 Deum.
416 2109 487 2178 Est
506 2113 612 2199 igitur¹
626 2113 756 2198 intuitio
772 2116 808 2181 et
825 2112 974 2199 intuendi
992 2111 1138 2179 facultas

61 2228 189 2313 diviua,
209 2229 242 2295 si
263 2248 340 2313 cum
360 2226 503 2315 humana
524 2236 744 2318 comparatur,
767 2232 864 2319 etiam
887 2230 1021 2319 quoad
1041 2252 1124 2318 qua

62 2346 244 2429 litatem,
263 2351 449 2413 naturam
463 2352 499 2415 et
514 2351 744 2435 essentiam
759 2351 932 2435 penitus
954 2348 1137 2437 diversa,

62 2448 101 2537 c't
126 2464 264 2555 quidam
287 2464 456 2532 infinite
484 2467 696 2553 superior,
729 2466 777 2532 ita
793 2471 837 2533 -ut
856 2465 937 2534 illud
962 2465 1139 2555 analogon,

27 2584 159 2675 Qquod
178 2585 213 2651 in
232 2580 332 2651 nobis
351 2584 457 2669 inest,
486 2584 559 2650 vix
585 2582 791 2672 analogon
815 2585 862 2652 sit
881 2591 918 2659 et
943 2585 1046 2679 nihil
1072 2587 1139 2653 nisi

41 2684 291 2791 'analoqorq
322 2705 497 2789 omnisque
518 2705 628 2789 notio,
658 2724 720 2791 per
748 2722 849 2791 quam
875 2706 1009 2792 propria
1028 2704 1082 2772 vis
1103 2708 1140 2771 et

62 2828 185 2905 natura
209 2821 437 2907 cognoscendi
464 2820 636 2888 facultatis
657 2818 733 2888 Deo
755 2819 952 2889 tribuendae
979 2822 1138 2908 quodam-

62 2941 166 3009 modo
187 2941 321 3026 concipi
339 2943 468 3027 possit,
482 2915 702 3007 ¹intellectum
727 2943 878 3005 nostrum
899 2938 1043 3024 effugiat
1084 2938 1138 3005 ln-

65 3055 375 3147 comprehensihilis
405 3063 463 3125 est
490 3059 558 3125 ista
584 3054 653 3124 Dei
682 3056 888 3145 proprietas,
918 3056 1074 3144 idemque
1096 3056 1139 3125 de

34 3250 37 3255 ,
66 3180 194 3247 ceteris
215 3177 364 3245 eiusdem
390 3175 652 3264 proprietatibus
680 3172 789 3265 deque
809 3173 884 3241 aliis
905 3172 1024 3258 rebus,
1053 3196 1140 3264 quas

65 3294 143 3365 sola
163 3293 414 3383 revelatiopcr..
426 3298 611 3381 conceptus
640 3284 834 3393 analogioos
853 3291 1029 3391 nobiscum
1049 3312 1139 3362 com·

65 3417 233 3499 manicat,
266 3412 443 3481 dicendum
472 3417 541 3481 est.
564 3413 713 3507 Atque.
734 3410 822 3511 haec
847 3409 980 3498 quidem
1001 3412 1139 3480 Herme-

55 3534 250 3639 ¹sius*
284 3529 408 3619 quihus
444 3528 614 3615 concludit
648 3506 865 3619 theologiam
898 3528 1141 3618 speculativam

67 3651 300 3735 christianam,
332 3670 420 3738 quae
446 3669 573 3717 nonsc
593 3651 763 3719 contineat
787 3651 874 3718 intra
894 3652 1009 3717 arctos
1030 3648 1141 3717 analo·

57 3840 61 3845 '
64 3840 230 3865 ”nb—-
231 3848 276 3860 ι-

108 3974 132 4043 ’)
149 3968 204 4021 Ubi
221 3971 300 4023 etiam
324 3971 374 4023 has
390 3970 451 4024 illas
475 3970 640 4026 substantias
664 3978 692 4025 et
708 3972 776 4025 vires
799 3970 948 4025 efficlentes
972 3986 1005 4023 ex
1025 3971 1139 4041 phoeno-

129 4088 132 4095 ·
157 4057 253 4133 monis!
269 4061 331 4108 ante
347 4059 481 4126 perceptis
499 4059 701 4127 cognoscimus,
724 4056 765 4110 ihi
781 4054 848 4109 haec
869 4054 991 4125 cognitio
1014 4061 1055 4107 sst
1070 4054 1140 4107 iodi-

118 4180 135 4189 -.
150 4146 233 4209 -rrctr
249 4148 277 4196 et
291 4144 474 4217 iutsrcsdpate
490 4144 669 4199 concludendi
685 4144 791 4198 actione
808 4146 989 4213 comparatur·
