2514 4792
598 269 717 356 Ι711

386 587 742 738 'uarum'
781 592 956 725 xlv,
998 604 1004 681 1

145 846 369 927 Monoecus
391 828 653 939 analyticas
674 830 924 932 henristica,
948 846 1071 930 quani
1091 838 1186 928 sequi
1230 909 1233 922 ¹

144 967 214 1058 ιιι
238 976 497 1071 Hermesins,
522 991 614 1087 tota
641 986 816 1097 spectat
843 964 896 1045 ad
915 975 1188 1044 dubitationem

145 1145 299 1236 ornnem
322 1112 630 1222 excludendam
646 1088 783 1217 ..outo
804 1115 998 1201 differat
1007 1114 1116 1180 inter
1131 1131 1188 1198 prn-
1236 1147 1239 1158 ·

81 1227 87 1234 ’
146 1228 247 1329 dent
232 1266 313 1328 tem
343 1265 385 1325 et
416 1259 702 1324 temerariam
700 1251 1037 1327 habitationem.
1080 1244 1189 1315 niro
1238 1277 1254 1329 ,ι

120 1395 219 1468 ,des
241 1401 284 1462 et
305 1396 416 1478 acris
440 1392 740 1460 demonstratio
763 1408 841 1456 non
862 1388 978 1453 inter
999 1405 1049 1459 se
1071 1388 1188 1451 contra
1242 1404 1254 1446 n

145 1533 233 1597 riae
256 1533 359 1595 sant
405 1507 511 1610 Quid
532 1527 620 1594 iure
642 1526 829 1612 requirat
849 1521 1187 1608 Hermesiusinre
1246 1524 1253 1564 i

103 1727 106 1735 .
145 1663 322 1752 ligionis
344 1661 566 1766 Magistro„⁴
607 1660 793 1727 Fructus
822 1656 1045 1755 doctrinae
1066 1640 1187 1722 Herne

148 1784 295 1866 sienae
317 1795 469 1887 quales
492 1799 597 1879 sint,
628 1796 947 1896 demonstratur
969 1767 1180 1859 testimonie

407 1933 587 2000 virorum
614 1929 970 2024 gravissimorum.

352 2187 390 2239 Ex
407 2187 528 2257 irngtibn
529 2203 543 2238 ι
560 2202 650 2238 eorum
669 2184 837 2252 cognoscetis
855 2198 912 2236 ecs.

805 2291 906 2349 odanto
927 2272 958 2349 7,
974 2279 1025 2333 70.

232 2471 385 2540 Rectene
417 2472 498 2539 illud
519 2492 560 2539 se
589 2468 710 2553 habet,
746 2468 958 2535 Hermesinm
995 2469 1069 2552 „in
1095 2459 1189 2535 bobio

148 2590 333 2677 positivo
355 2596 550 2678 tanquam
576 2569 671 2654 basi
691 2589 824 2655 omnis
851 2584 1129 2672 theologicae
1145 2579 1192 2647 die

148 2708 395 2796 quisitionis
417 2707 682 2776 tenebrosam
704 2706 947 2773 aderrorem
969 2707 1192 2792 omnigena

40 2900 42 2905 ,
148 2826 253 2892 viam
275 2825 428 2911 moliri,
458 2832 586 2915 atque
613 2826 812 2893 inducere
840 2826 880 2890 in
902 2822 1209 2911 Scepticismnn

68 2947 96 3024 j
149 2949 190 3011 et
208 2942 663 3012 ΙιιιὶΠιιιιιιίιιιιιιιιὲιι
705 2943 807 3010 Immo
821 2941 910 3011 hunc
925 2942 993 3010 sibi
1007 2943 1135 3010 finem
1152 2957 1203 3028 pro

149 3065 297 3150 positum
318 3062 422 3129 habet
442 3068 477 3130 et
497 3061 682 3131 incredibili
709 3062 828 3127 virium
855 3074 992 3128 suarum
1014 3061 1206 3129 contentione

99 3234 101 3237 .
149 3183 375 3269 prosequitur,
397 3186 435 3246 nt
448 3202 579 3248 omnem
601 3181 840 3248 dubitationem
862 3158 1076 3248 excludat
1120 3173 1209 3248 neef-

147 3291 251 3366 ficere
278 3297 345 3365 hoc
366 3319 462 3365 nemo
490 3306 623 3388 potest,
644 3302 710 3367 nisi
737 3301 793 3388 qni
824 3297 899 3366 eam
918 3297 984 3364 sibi
1004 3296 1120 3386 legem
1138 3315 1213 3387 prae

149 3417 334 3517 scripserit,
363 3422 402 3484 nt
422 3415 501 3482 nihil
521 3421 764 3504 praetermittat
785 3438 912 3500 eorum,
940 3437 1028 3504 quae
1051 3415 1215 3506 scrupulos

146 3535 281 3605 iniicere
309 3541 450 3623 queant,
481 3540 518 3600 nt
539 3537 638 3602 etiam
666 3533 837 3604 dubitandi
866 3555 989 3601 causas
1018 3557 1139 3604 omnes
1161 3532 1218 3601 dili·
1252 3591 1254 3604 r

145 3658 264 3740 genter
285 3653 491 3736 consideret,
520 3659 558 3719 ut
579 3651 703 3738 omnia,
733 3676 818 3742 quae
841 3656 875 3721 in
904 3645 1222 3743 utramquepartem

147 3750 432 3860 afferripobs'unt,
454 3772 608 3840 studiose
623 3779 658 3840 et
672 3775 805 3839 sincero
829 3775 936 3839 aninnn
960 3775 1129 3857 excutiat,
1150 3791 1225 3861 pon·

132 3887 261 3994 deret,
290 3884 481 3973 'examinem
505 3893 712 3980 ·prinsqnam
743 3896 869 3957 certam
899 3885 1108 3972 sententiam
1141 3894 1227 3958 ferat

150 4002 268 4073 Habes
306 4009 339 4073 in
374 4008 563 4075 universum
595 4012 663 4077 vim
693 4016 729 4077 et
757 3995 909 4077 naturam'
944 4008 1229 4098 disquisitionnm,

150 4145 236 4212 qnas
257 4124 454 4193 Hermesins
476 4127 630 4212 destituit,
652 4149 719 4196 non
733 4130 891 4196 novitatis
914 4111 1012 4195 aestu
1036 4129 1231 4218 compulsus
