2514 4792
595 285 680 353 m

105 1116 392 1239 scripturam,
401 1083 715 1193 traditionem,
732 1100 951 1193 ecclcsiae
983 1074 1121 1193 Magiste-

105 1230 206 1319 rium
234 1228 276 1315 et
303 1232 384 1355 alia
414 1244 662 1315 hurusmodo
694 1238 976 1339 Ostendrtnr,
1009 1239 1120 1343 poeria

105 1348 359 1485 Hermesius
377 1370 641 1453 demonstret
662 1376 929 1457 catholicam
956 1374 1121 1467 cerleio
1160 1364 1165 1372 '‘

106 1540 205 1585 esse
226 1528 326 1585 vere*
357 1515 632 1583 christianam
662 1520 705 1582 et
731 1512 1067 1602 apostolicam,r
1057 1503 1123 1576 inlrl

105 1652 216 1726 libili
251 1652 512 1728 auctoritate
548 1649 753 1718 divinitus
784 1649 1037 1736 praeditam,
1065 1644 1125 1711 ilo

109 1808 187 1876 que
217 1770 357 1874 ipsius
387 1803 530 1854 vocem
565 1786 655 1851 sine
687 1784 770 1852 nlla
800 1783 1076 1861 haesitatione
1098 1796 1133 1842 ar·

39 1970 45 1997 t
109 1921 298 1991 diendam
348 1943 455 1989 esse.
523 1918 681 2005 Regula
730 1917 1033 1986 credendorum
1069 1919 1123 1982 into

151 2054 395 2151 Catholicos
426 2056 574 2142 vigens
606 2055 767 2137 minime
795 2054 992 2122 iniuriam
1019 2052 1110 2123 inlert

524 2178 730 2255 ‘rationi

314 2441 415 2494 Eadem
433 2445 513 2501 ratio,
533 2441 624 2493 endem
642 2443 830 2512 potentissima
847 2458 940 2503 consa,
960 2461 1030 2511 quse
1046 2429 1128 2505 ,spui

316 2527 582 2592 divinionabeodam
601 2527 682 2578 fidem
699 2527 854 2596 persuadet,
873 2529 967 2578 endem
986 2526 1131 2580 ecclesium

316 2612 433 2663 «lendum
449 2618 550 2665 mouet,
585 2612 644 2663 lleo
662 2612 807 2672 credimus,
826 2613 889 2680 quin
906 2613 966 2682 ipse
985 2631 1017 2664 ex
1032 2614 1131 2663 aanor·

317 2696 377 2745 l'ulli
394 2714 425 2746 ac
443 2697 538 2748 fallere
555 2715 608 2747 non
625 2703 731 2767 potente
758 2699 905 2757 ecclesiae,
930 2698 998 2768 qnia
1021 2698 1087 2770 illam
1100 2690 1135 2742 lli*

320 2797 375 2830 non
393 2783 498 2831 errandi
516 2784 701 2852 praerogativa
719 2784 838 2836 donavit.

639 2892 746 2945 Moror.
767 2893 799 2936 do
825 2893 888 2954 lnq-
907 2893 1014 2938 moder.
1032 2893 1055 2935 l.
1073 2878 1109 2934 ll

197 3061 344 3137 enasse
371 3066 567 3134 Hennesins
596 3068 717 3136 dicitur
739 3069 829 3136 circa
860 3069 1076 3156 „regulam
1100 3080 1152 3133 err

114 3179 381 3269 dendorum,“
411 3186 446 3252 id
468 3192 524 3253 est
541 3189 635 3252 eirca
656 3187 803 3276 regulam
824 3176 925 3270 fidei3‘
945 3209 1080 3256 errasse
1100 3186 1159 3252 ciro

114 3317 302 3383 „sacram
320 3305 585 3391 scripturam,
600 3305 879 3384 traditionem,
894 3294 1162 3375 reuelationcd

115 3429 150 3484 et
172 3417 391 3488 ecelesiae
412 3421 742 3509 Magisterium;“
763 3425 852 3490 idem
874 3425 995 3491 dicitur
1018 3425 1165 3510 „audae

115 3539 180 3601 ter
200 3559 222 3602 a
242 3540 379 3625 regio,
412 3561 527 3627 quem
553 3544 750 3608 universa
776 3542 953 3609 traditio
983 3551 1027 3611 et
1048 3565 1102 3611 ss.
1121 3543 1165 3610 ra

115 3656 205 3721 tres
227 3658 267 3723 in
293 3659 553 3743 exponendis
582 3680 628 3727 ac
650 3644 929 3727 vindicandis.
949 3662 1060 3730 fidei
1086 3661 1165 3730 veri

114 3769 274 3838 tatibus
296 3779 541 3862 stmverint,
562 3781 730 3846 tramite
751 3777 1010 3864 deflectere,
1033 3784 1163 3869 quine

115 3888 295 3975 superbe
329 3889 438 3959 hunc
474 3898 685 3963 tramitem
721 3903 986 3965 contemnere
1021 3905 1064 3965 et
1094 3901 1165 3966 dan

120 4012 256 4074 nare.“
298 4010 413 4078 Facile
443 4012 634 4101 intelligitur
658 4014 743 4082 haec
770 4019 879 4082 omnia
908 4017 1077 4085 eiusmodi
1107 4039 1165 4086 ess

114 4129 152 4191 ut
180 4128 355 4195 maximam
382 4135 511 4216 partem
543 4132 587 4198 ad
618 4134 766 4200 intimum
796 4134 970 4202 doetrinae
1003 4136 1165 4205 catholica
