2514 4792
641 286 723 357 uo

143 477 295 545 dindoni
314 476 426 543 fuistis
444 493 513 542 non
532 471 632 542 modo
652 475 688 541 in
708 472 935 558 Hermesinm,
963 471 1028 541 sed
1050 474 1086 541 in
1110 493 1224 542 omnes

147 598 220 665 eius
241 594 444 684 discipulos,
465 603 553 686 qnos
575 591 709 682 quidem
716 616 733 680 ·‚,
747 598 786 661 ut
806 591 871 663 alia
890 595 1037 678 mittam,
1064 592 1150 661 loco
1172 614 1224 661 sn-

59 739 62 743 *
145 735 208 802 pra
228 713 320 801 (pag,
340 717 408 799 66)
430 717 533 780 citato
561 710 695 800 publice
722 718 880 800 tanquam
906 708 1102 780 incredulos
1131 716 1225 779 nota·

146 835 224 916 stis,
247 830 402 918 idemque
416 830 461 899 de
474 833 530 916 iis,
548 831 685 898 tametsi
705 829 805 918 longe
825 832 1001 899 maximam
1016 850 1139 901 eornm
1152 853 1225 919 par-

145 956 216 1018 tem
238 972 279 1020 ne
298 952 441 1017 novistis
455 950 623 1040 ·quidem,
655 949 998 1051 palam'pronnntiaro
1027 952 1108 1016 ausi
1129 953 1225 1034 estis,

15 1118 18 1123 -
147 1066 240 1157 qnod
261 1068 349 1157 apud
369 1067 447 1135 Job
471 1071 508 1152 b,
530 1070 585 1135 ab
604 1068 711 1135 Jesns
734 1065 887 1143 Christus
910 1068 994 1135 dixit
1014 1068 1058 1136 de
1080 1069 1228 1136 Judaeis

147 1185 247 1255 fidem
268 1186 411 1255 divinam
432 1185 578 1273 superbe
599 1185 850 1255 recusantibus:
893 1182 1140 1270 „Quomodo
1162 1210 1226 1277 po

94 1302 97 1308 ’
147 1303 490 1393 testis'credere,
519 1305 594 1393 qni
620 1300 796 1391 'glorium
822 1303 874 1371 ab
899 1306 1083 1373 invicem
1105 1329 1227 1395 quae-

148 1426 265 1508 ritis,
301 1429 342 1492 et
374 1422 566 1511 gloriam,
601 1445 707 1513 qnae
735 1445 757 1491 a
784 1422 873 1491 solo
899 1422 990 1493 Deo
1022 1432 1113 1510 est,
1151 1440 1229 1495 non

80 1520 83 1524 ’
120 1540 412 1629 ·qnaeritis?“
454 1541 629 1610 habentor
649 1564 713 1630 ogo
741 1542 876 1632 quidem
901 1541 989 1611 hanc
1010 1542 1126 1612 Vobis
1147 1550 1230 1615 iniu-

150 1661 232 1726 riam
254 1648 424 1729 condono:
446 1661 605 1731 Vestrum
626 1660 706 1750 quid
727 1662 784 1744 sit,
805 1661 873 1749 ipsi
892 1659 1005 1730 videte
1027 1685 1071 1732 ac
1085 1688 1230 1756 perpen-

38 1816 40 1821 ,
152 1777 221 1846 dite
250 1779 433 1867 diligenter.
483 1779 693 1848 Postremum
724 1800 806 1867 rogo
834 1780 907 1849 Vos
937 1789 1040 1870 atque
1069 1783 1231 1871 obsecm‚

150 1902 190 1965 ut
209 1896 406 1987 Episcopo·
427 1897 624 1975 Germaniae
651 1899 934 1989 septentrionalis,
960 1908 996 1969 et
1017 1902 1181 1973 doctrina
1201 1915 1233 1976 et

150 2035 278 2084 morum
307 2018 474 2107 probitate
496 2024 532 2088 et
552 2020 683 2090 sincero
711 2019 790 2089 fidei
816 2019 1001 2089 catholicae
1024 2040 1231 2093 conservan-

153 2134 217 2203 dae
239 2142 342 2224 atque
363 2116 536 2224 augendae
557 2135 630 2207 zelo
654 2139 869 2228 conspicuos,
890 2137 1026 2207 tandem
1046 2139 1231 2230 aliquando

153 2254 316 2323 desinatis
343 2277 482 2344 carpere
510 2262 546 2325 et
572 2255 616 2323 ad
636 2254 795 2325 Vestrum
822 2249 946 2327 vocare
965 2256 1125 2328 athoud
1173 2263 1230 2331 Et

153 2376 240 2439 enim
274 2395 341 2443 non
373 2374 478 2443 semel
509 2374 575 2443 hoc
610 2374 674 2443 sed
704 2377 823 2443 iterum
859 2379 1046 2464 iterumque
1087 2380 1228 2450 fecistis.

151 2491 216 2558 Sic
245 2494 280 2558 in
309 2492 489 2583 Ephemor.
511 2478 697 2563 scha'fnah.
720 2494 740 2561 t
764 2515 794 2563 c.
817 2496 917 2562 etiam
944 2493 1031 2562 baec
1056 2493 1230 2586 leguntur:

154 2607 313 2691 „Certum
343 2611 471 2680 dehac
491 2632 580 2679 nova
606 2613 640 2699 (i
664 2636 693 2680 e.
716 2610 917 2699 acatholica)
942 2611 1154 2703 Theologiae
1178 2621 1230 2689 do·

156 2727 287 2793 cendae·
305 2733 433 2797 ratione
454 2733 654 2799 sententiam
674 2731 819 2799 nondum
841 2731 989 2800 ecelesia
1008 2730 1096 2800 tulit
1142 2739 1231 2808 Non·

154 2844 235 2917 nulli
261 2845 427 2918 ecclesiae
454 2848 653 2934 Praesuies,
683 2850 850 2939 quomodo
885 2848 1035 2919 defuncti
1063 2852 1231 2928 Hermesii

65 3029 66 3032 ,
156 2946 268 3033 studia
289 2969 483 3052 aestiment,
512 2989 553 3035 eo
573 2967 728 3036 videntur
749 2967 936 3052 declarare,
966 2968 1059 3059 qnod
1080 2973 1126 3041 a'd
1148 2975 1231 3046 illius

157 3085 341 3173 discipulos
375 3086 556 3154 cathedras
592 3085 1055 3177 theologieaossdeferuntffl
1111 3071 1231 3167 Nonne

156 3205 222 3273 boc
244 3208 372 3294 ipsum,
404 3205 495 3295 quod
523 3204 707 3295 Episcopi,
733 3207 792 3295 qui
814 3213 850 3277 et
868 3207 1080 3279 nemesium
1102 3218 1141 3282 et
1163 3218 1233 3284 eins

158 3323 342 3411 discipulos
373 3326 496 3412 optime
522 3331 660 3409 norunt,
693 3326 816 3415 quique
845 3347 959 3398 eornm
985 3326 1087 3400 iidem
1108 3354 1155 3402 ac
1178 3335 1232 3402 do·

54 3464 56 3469 ·
159 3443 286 3510 cendae
314 3441 521 3529 Theologiae
556 3445 717 3513 rationem
747 3464 814 3513 nec
840 3451 987 3533 possunt
1014 3467 1080 3525 nec
1109 3449 1235 3521 debent

38 3630 43 3645 ,
159 3560 224 3639 ulli)
247 3562 344 3631 modo
366 3564 536 3649 ignorare,
556 3567 626 3631 tarn
645 3561 768 3633 bonam
797 3562 840 3632 do
860 3565 1091 3637 Hermesianis
1118 3574 1235 3643 existi-

159 3724 366 3742 fi-Q———u-du—

196 3830 218 3899 *)
243 3832 314 3893 „liin
333 3834 499 3886 bestimmten
516 3822 679 3889 lairebliobes
697 3836 802 3890 Urtbeil
825 3836 893 3890 tiber
915 3838 1073 3903 dieue-neue
1092 3839 1238 3914 Wandang

247 3920 296 3970 dea·
312 3919 458 3986 Theologie
475 3919 513 3973 iit
530 3922 599 3974 noch
616 3923 693 3974 nicht
709 3940 855 3992 ergangen.
890 3922 988 3994 liinipc
1012 3923 1168 3983 birchliobe
1192 3932 1237 3983 Bc·

216 4036 219 4040 *
249 4003 351 4054 bordon
369 4003 495 4056 seboinen
513 4008 557 4058 die
575 4006 764 4076 Bemiibnngcn
783 4009 830 4059 des
847 4002 1045 4062 Verstorbencn
1062 4012 1192 4069 dadonis
1208 4034 1239 4068 n

248 4087 405 4157 usstigun,
432 4092 494 4142 dass
523 4093 563 4143 sin
584 4092 628 4146 dte
651 4091 854 4162 theologisetm
880 4093 1039 4153 Lebotoble
1063 4100 1118 4154 mit
1142 4102 1238 4158 (lem

249 4171 563 4237 Sabilem'besotseu.“
626 4180 629 4184 ’
