2514 4792
652 258 732 326 m
851 279 853 283 ’

15 458 20 469 ·
154 449 279 546 qnippe
303 443 462 534 plurimos
482 480 526 496 -
544 442 580 512 id
601 444 687 511 enim
713 445 921 530 compertam
947 437 1057 509 babeo
1074 444 1170 528 -,qd

138 569 229 650 :sive
258 567 374 652 pravis
405 560 577 655 exemplis
598 561 726 633 inducti
752 564 825 628 sive
853 560 1050 628 recentioris
1072 557 1170 626 Puto
1215 562 1252 626 loru

152 684 251 772 pbiae
282 683 480 769 praeceptis.
502 679 651 768 religioni
682 664 883 746 christianae
918 652 1061 745 idimicis
1086 677 1170 763 decept

133 801 253 878 ,tidem
278 800 471 867 obiecerant
498 804 557 865 aut
584 779 704 892 saltem
730 794 888 864 vacillare
917 800 1092 883 coeperant
1105 791 1171 860 -rl
1217 795 1252 860 lu

153 919 253 987 fidem
273 917 417 1002 reduxit,
438 915 663 984 innumerabili
684 927 809 999 eorum,
832 916 891 1002 qui
911 916 1024 1002 ipsum
1036 912 1172 1001 audiebat,
1219 921 1246 978 ur

152 1036 350 1106 multitudini
377 1037 524 1103 intimum
560 1037 711 1102 veritatis
743 1055 889 1100 amorem
919 1031 1102 1116 instillavit,
1127 1036 1175 1097 un
1223 1029 1252 1094 lu

39 1168 45 1189 ³
79 1152 86 1169 ¹
153 1178 220 1244 que
252 1175 368 1243 parum
396 1175 458 1222 eos
488 1155 522 1220 in
542 1144 802 1241 Scepticismum
827 1158 895 1220 aut¹
918 1151 1178 1223 indifferentisnn
1250 1147 1252 1155 ’

153 1274 300 1357 induxit,
336 1278 374 1339 ut
402 1274 502 1339 etiam
527 1271 747 1342 firmissimam
773 1272 1103 1359 vigentissimamque
1122 1270 1180 1357 'ipso
1235 1267 1252 1330 l

73 1428 81 1443 ·
153 1414 226 1459 rum
253 1389 421 1458 mentibus
453 1392 604 1461 iniecerit
633 1392 885 1477 persuasionem
915 1388 961 1457 de
997 1390 1131 1456 veritate
1155 1405 1181 1452 ro
1246 1384 1252 1450 l

153 1509 286 1596 ligionis
320 1508 540 1592 christianae,
576 1508 619 1577 de
649 1512 791 1577 veritate
826 1507 1011 1599 doctrinae.
1037 1504 1185 1576 catholos
1251 1504 1252 1529 ³

153 1625 228 1696 Sed
259 1647 363 1714 quum
392 1602 509 1707 minus·
533 1625 697 1693 fortasse
713 1626 867 1693 videatur
901 1624 1085 1695 honestum
1102 1620 1187 1713 puel

154 1745 224 1812 cari
253 1743 334 1811 talia
359 1742 403 1813 ab
431 1743 615 1812 Hermesii-
632 1742 813 1831 discipul03
843 1743 1029 1813 adhibendi
1064 1737 1187 1812 suntb'

104 1854 107 1859 ¹
152 1866 294 1948 testess
315 1863 406 1952 iique
428 1864 625 1951 gravissimi.
655 1862 716 1932 ,Ut
738 1865 886 1951 primum:
905 1864 1123 1933 innotuerant
1141 1859 1182 1928 lt

152 2003 211 2050 rae
231 1980 470 2069 spostolicae,
501 1981 624 2069 quibus
644 1979 813 2049 Hermesii
837 1977 914 2047 libri
941 1973 1192 2066 damnentur‚al

152 2099 467 2191 Reverendissimos
492 2097 688 2188 Episcopos
715 2099 878 2174 Dioecesi
903 2098 1194 2171 Monasteriensitt

74 2227 76 2231 ’
152 2215 418 2285 Puderborneusi
437 2219 630 2305 praefectos
652 2215 839 2304 complures
867 2217 1081 2307 Theologiae
1097 2216 1195 2287 Proles·

88 2357 91 2362 ’
152 2357 250 2415 sores
270 2336 470 2405 Bonnenses
492 2322 530 2402 et¹
548 2335 770 2403 Trevirenses
790 2337 887 2402 missi
907 2331 989 2404 sunt
1010 2359 1058 2406 eo
1084 2331 1191 2412 emb,

152 2461 190 2521 ut
210 2449 338 2521 illorum
357 2460 634 2542 percontarentur
661 2433 869 2521 sententiam
904 2450 1192 2524 'obser-vortunt

152 2571 531 2660 interrogatirbipiscopi
552 2572 635 2654 alter
657 2573 847 2658 respondit,
879 2572 1080 2641 methodum
1100 2569 1198 2661 quiden

50 2740 53 2746 .
152 2689 404 2755 Hermesianam
424 2692 531 2759 miuus
552 2691 618 2776 ipsi
639 2689 789 2775 probari,
811 2689 997 2757 doctrinam
1019 2699 1132 2760 autem
1149 2702 1195 2756 est

153 2778 383 2890 orthodoxbm,
405 2804 500 2891 alter,
528 2809 586 2895 qui
606 2798 723 2876 nescio
745 2808 826 2895 qnid
846 2813 973 2878 sentiat
995 2809 1042 2880 de
1064 2805 1201 2886 methodo

153 2924 196 2994 de
218 2926 377 2994 doctrina·
391 2930 484 2992 certe
504 2926 593 2994 idem
619 2927 850 2996 lubentissime
877 2929 1111 3025 testimonium
1130 2924 1203 2995 dett

152 3043 468 3112 Reverendissimus
488 3042 692 3133 Episcopus.
707 3047 918 3113 Trevirensis
940 3046 1079 3137 qualem
1092 3045 1207 3127 delier

151 3165 258 3229 mesio
281 3164 421 3248 eiusque
444 3162 618 3250 discipulis
641 3165 919 3232 existimationem
946 3164 1094 3250 babeat,
1126 3185 1167 3233 ex
1181 3180 1209 3229 eo

152 3283 237 3347 satis
264 3279 401 3366 intelligi
428 3279 525 3365 licet,
552 3280 643 3368 quod
663 3279 907 3373 iuSemiuario
933 3282 1131 3373 theologico
1149 3283 1213 3353 lit·

151 3399 277 3465 virensi
291 3401 464 3465 constituti
473 3404 558 3466 >sunt
581 3401 727 3488 quinque
746 3400 964 3468 Professores
979 3423 999 3470 e
1014 3402 1137 3471 schola
1147 3401 1215 3470 Her·
1250 3406 1252 3489 l

145 3517 299 3583 ‘mesiana
331 3517 492 3602 proiecti,
526 3539 666 3606 quorum
694 3539 783 3584 uuus
813 3510 1084 3606 Philosophiam,
1117 3518 1219 3609 reliqu
1250 3492 1252 3501 Ι

152 3633 369 3720 Theologiam
389 3635 533 3703 tradunt
576 3636 680 3725 Mitto
699 3635 823 3720 dicere,
838 3638 879 3704 in
897 3641 1024 3705 ceteris
1045 3641 1221 3713 Borussiss

151 3749 378 3819 Dioece'sibus
409 3755 590 3833 maximam·
613 3759 745 3842 partem
773 3777 887 3825 eorum
911 3760 1079 3845 virorum,
1112 3761 1224 3851 quibus

151 3868 320 3955 publicum
329 3869 531 3958 Theologiae
543 3870 730 3940 catholicae
738 3872 910 3942 docendae
921 3897 1041 3944 munus
1054 3851 1227 3948 demandu-

151 3993 221 4052 tum
233 3992 297 4072 est,
308 3988 445 4056 eandem
456 3989 606 4071 scholam
617 3994 724 4079 sequi,
734 3974 838 4080 atque
846 3968 893 4061 ita
901 3980 1107 4065 satisfacere
1118 3998 1231 4068 officiis

41 4096 44 4103 ’
152 4107 235 4193 suis,
256 4111 294 4176 ut
315 4105 361 4175 ab
384 4106 551 4178 eeclesiae
576 4089 1024 4202 Praesulibusmagnopere
1048 4114 1232 4189 laudentur·
