2514 4792
513 230 679 292 ,Ν

131 424 280 494 aetatem
315 424 438 489 nactus
471 436 638 497 annorum
671 414 732 491 56.
792 413 888 488 Dum
926 419 1002 485 erat
1029 415 1063 484 in
1095 412 1204 507 vivis,

129 574 352 650 summopere
378 547 537 626 amultis
561 551 757 651 Episcopis
783 548 1032 623 aestimabatur
1056 557 1093 621 ct
1118 569 1208 642 pro-

127 698 205 789 pter
237 682 452 785 singularem
483 690 578 760 vitae
605 710 692 763 suae
722 688 959 783 integritatem
991 693 1026 756 et
1058 691 1206 782 propter

131 827 298 900 eximiam
325 821 518 901 doctrinam
543 821 797 919 mirificumque
823 819 995 918 quoddam
1022 815 1209 916 religionis

130 958 340 1034 christianae
367 968 402 1031 et
431 956 628 1033 catholicae
657 953 904 1033 sustentandae
930 963 1034 1052 atque
1068 977 1208 1051 augen-

131 1095 197 1171 dae
224 1093 393 1191 studinm3
431 1097 585 1171 maximo
611 1091 691 1170 loro
718 1091 764 1167 ob
790 1089 933 1165 easdem
961 1091 1112 1164 virtutes
1138 1088 1208 1163 ba·

130 1230 279 1305 bebatur
304 1253 384 1305 cum
410 1231 455 1303 ab
483 1225 562 1303 aliis
587 1227 785 1324 'lbeologis
811 1216 1109 1325 quamplurimis
1134 1232 1209 1298 tum

131 1365 176 1439 ab
207 1362 452 1441 innumerabili
490 1388 612 1441 eorum
647 1354 887 1463 multitudine,
925 1366 984 1460 qui
1015 1363 1155 1459 egressi
1189 1385 1210 1431 e

132 1498 256 1587 subola
287 1502 402 1599 ipsius
434 1510 470 1574 et
495 1505 608 1576 sacris
642 1499 805 1576 curandis
836 1498 1007 1597 praelecti
1039 1498 1208 1593 gratissi-

45 1675 48 1684 ·
133 1658 225 1709 mam
257 1627 509 1733 Praeceptoris
542 1640 746 1711 memoriam
781 1639 818 1709 in
848 1643 992 1734 pectore
1023 1633 1213 1708 servabant

133 1767 234 1845 etad
259 1769 351 1843 bunc
377 1794 490 1870 usquc
516 1770 608 1846 diem
636 1780 796 1869 servant3
822 1767 1099 1868 interOollegas
1124 1789 1210 1842 suos

133 1911 197 1983 vix
228 1931 297 1982 non
328 1929 452 2007 omncs
488 1910 529 1980 in'
556 1906 760 1984 Academia
792 1915 828 1981 et
866 1906 1138 1984 Monasteriensi
1173 1909 1209 1973 et

132 2040 315 2123 monensi
351 2040 567 2140 amplissima
593 2047 802 2119 auctoritate
828 2041 1005 2143 pollebat,
1028 2040 1071 2117 ab
1096 2035 1206 2114 Ado·

115 2174 354 2287 'lescentibus
380 2200 468 2252 vero
496 2174 693 2256 litterarum
718 2180 889 2256 studiosis
914 2184 1058 2279 propter
1084 2170 1212 2249 excel·

136 2310 217 2389 lens
232 2315 421 2411 ingenium,
448 2322 592 2412 propter
617 2312 861 2404 incredibilem
889 2313 1059 2414 quandam
1077 2332 1213 2387 morum

136 2450 366 2545 gravitatem,
396 2456 543 2544 propter
576 2472 748 2527 summam
780 2449 1004 2549 religionem,
1037 2472 1107 2549 qna
1132 2470 1215 2522 mu-

137 2583 235 2656 neris
260 2583 315 2654 sui
341 2589 462 2674 partes
488 2578 673 2685 implebat,
707 2595 801 2661 tanto
827 2586 959 2664 bonore
985 2583 1216 2680 afficiebatur,

57 2701 61 2707 ⁵
138 2725 178 2791 ut
202 2726 322 2793 nostra
348 2726 476 2817 aetate,
501 2722 559 2817 qui
577 2745 700 2819 parem
721 2720 862 2801 laudem
879 2720 999 2821 adepti
1016 2723 1096 2820 sint,
1122 2743 1217 2816 pau-

140 2854 304 2930 cissimos
329 2852 521 2955 Doctores
549 2860 608 2955 qui
626 2861 807 2959 maiorem,
834 2861 898 2935 vix
922 2881 1026 2936 unum
1044 2860 1216 2953 reperias

145 2985 269 3088 Atque
294 2987 384 3065 baec
408 2997 478 3065 tam
506 2991 697 3091 singularis
722 2987 921 3072 reverentia
947 3018 1033 3093 erga
1058 2994 1218 3069 Herme-

145 3126 247 3222 sium,
282 3122 363 3200 dum
389 3125 535 3200 vivebat
566 3133 799 3230 maximisque
830 3142 866 3207 et
895 3134 1026 3231 ingenii
1053 3139 1089 3207 et
1113 3128 1219 3202 animi

129 3258 330 3335 ‘virtutibus
359 3262 551 3362 eminebat,
578 3266 683 3341 etiam
709 3276 802 3369 tum,
827 3290 935 3366 quum
959 3268 1090 3344 mortui
1112 3262 1216 3338 funus

140 3392 392 3495 sepeliebatur,
419 3396 524 3495 plane
551 3399 769 3497 singularem
795 3406 832 3478 ir
857 3400 997 3480 modum
1023 3425 1066 3475 se
1090 3392 1218 3473 decla·

139 3533 249 3628 ravit,
283 3531 531 3633 omnibusque,
564 3539 622 3633 qui
637 3537 640 3541 ’
654 3534 803 3615 aderant
834 3524 1121 3639 frequentissimo
1146 3556 1218 3607 uu·

140 3684 257 3762 mero,
296 3668 346 3741 ita
381 3660 496 3745 ¹visum
528 3682 584 3746 est
615 3668 722 3749 talem
758 3676 874 3751 viruru
899 3682 971 3754 tam
997 3679 1221 3774 praematura

141 3806 254 3874 morte
293 3802 381 3899 eripi
422 3794 504 3879 non'
529 3803 708 3885 debuisse.
782 3808 900 3892 Aliud
937 3812 1022 3887 Deo
1067 3801 1220 3906 placuit,

142 3936 244 4011 cuius
274 3944 488 4036 perscrutari
520 3941 672 4023 consilia
705 3966 772 4022 uon
810 3970 1018 4047 possumus,
1056 3942 1220 4021 venerari

143 4076 241 4147 certe
265 4070 446 4152 debemus.
