2596 4778
611 252 663 319 no

107 428 231 520 quidem
252 450 330 499 eam
351 431 396 499 ob
419 452 571 519 cansam,
592 454 635 503 nc
655 438 806 506 vivorum
827 440 881 509 vet
901 446 1029 513 sanitas
1050 465 1094 515 ex
1113 470 1172 539 pe·
1222 422 1226 429 ⁵

62 630 68 641 .
110 538 214 619 satiro
242 570 343 636 nere,
373 551 427 619 vet
452 548 640 621 honestatis
667 574 790 625 sensns
811 580 855 626 ex
875 560 1027 631 funerum
1048 569 1173 639 eiecto-

112 688 171 735 run
203 668 374 759 adspectu
405 670 636 741 detrimentum
671 678 791 763 capiat
849 676 922 747 Sed
956 680 1037 752 illud
1071 687 1173 759 officii

115 794 338 877 pracceptrnn,
359 791 580 858 certissimum
606 812 716 879 nerpre
737 792 794 861 ulli
815 794 1012 868 dubitationi
1032 803 1172 875 obnoxi·

117 926 170 992 rn,
197 908 355 997 idemque
382 908 488 975 ituens
516 930 561 975 ex
581 908 686 977 attero
715 922 909 1003 praecepto,
932 936 998 1006 quo
1021 921 1172 992 iubemur

62 1071 69 1079 -
117 1026 276 1093 naximum
296 1022 379 1095 ittud
405 1024 637 1097 mamertum
657 1038 821 1117 avertere,
849 1040 890 1103 nt
909 1036 1036 1125 impleri
1058 1049 1171 1130 queat,
1239 1112 1244 1123 ,

118 1144 217 1213 reduto
237 1144 458 1233 dignoscendi
479 1152 559 1215 sunt
578 1168 658 1215 vere
679 1154 799 1218 mortui
813 1151 856 1219 ab
871 1156 925 1239 iis,
946 1159 1005 1243 qni
1024 1148 1171 1229 fundasse

118 1264 247 1353 speciem
265 1268 396 1333 tanturn
415 1286 497 1353 prae
518 1285 558 1333 se
578 1267 703 1353 terunt3
724 1290 800 1336 narn
819 1275 1016 1359 posterioris
1038 1282 1172 1363 generis

117 1378 258 1467 mines,
279 1380 398 1471 quales
419 1384 583 1453 interdum
604 1390 727 1475 reperti
748 1393 837 1473 sunt,
858 1389 1113 1482 haudquaquam
1133 1395 1173 1467 li.
1252 1418 1256 1425 ·

112 1508 162 1599 ⁸cst
178 1500 297 1571 eodem
315 1502 416 1571 modo
442 1508 589 1573 tractare
610 1526 678 1593 quo
703 1528 784 1574 vere
810 1512 969 1578 mortubs.
1013 1509 1074 1589 Sic
1095 1536 1172 1601 per·

116 1622 238 1691 mun
254 1640 325 1689 non
346 1626 402 1689 cst
422 1640 483 1690 eos
511 1623 654 1711 sepetire
681 1630 740 1692 aut
761 1626 972 1714 comburere,
994 1633 1027 1697 in
1049 1632 1192 1720 quibus-

116 1741 291 1809 annerum
303 1736 437 1828 pulsnm
450 1761 517 1807 non
531 1741 671 1830 amplius
685 1747 897 1832 percipimus,
921 1769 1043 1836 corpus
1064 1751 1172 1838 rigore

116 1858 266 1945 videmus,
301 1856 368 1925 alia
399 1879 480 1926 vero
512 1864 628 1928 mortis
660 1865 755 1949 signa
782 1885 850 1931 non
880 1869 1044 1934 cemimus
1051 1888 1061 1952 3
1095 1890 1172 1937 nam

116 1998 209 2065 qunrn
225 1978 427 2065 experientia
453 1982 544 2046 teste
571 1980 733 2047 eiusmodi
764 1980 914 2049 homines
943 1986 1106 2052 interdum
1127 1988 1171 2054 ad

62 2110 66 2119 ·
122 2094 389 2183 priorensivendi
406 2101 531 2164 statum
551 2096 718 2181 redierint,
740 2100 870 2166 omnino
885 2102 1094 2169 indicandum
1116 2110 1171 2173 est

123 2232 222 2299 posse
237 2214 328 2283 sinite
350 2215 530 2304 quidquam
552 2214 659 2282 denuo
674 2217 876 2303 contingere.
921 2216 1029 2300 Quid?
1050 2223 1083 2287 si
1097 2242 1170 2289 cor-

62 2314 67 2369 t
112 2352 181 2419 pus
197 2328 362 2401 bnnanum
374 2332 419 2401 ab
434 2332 586 2400 omnibus
608 2335 766 2421 spirantis
783 2338 915 2403 'animae
936 2340 1090 2425 vestigiis
1112 2342 1170 2410 de·

107 2450 249 2518 stitutum
268 2454 370 2520 etiam
391 2455 597 2540 corrumpi
619 2459 916 2541 etputrescere
939 2454 1073 2544 coepit?
1100 2458 1170 2529 ram

105 2588 145 2641 cx
164 2568 273 2637 officio
306 2567 536 2656 sepeliendum
557 2575 616 2638 ant
651 2571 911 2640 comburendum
946 2574 1058 2660 dioes3
1093 2598 1170 2645 nam

104 2693 213 2758 certo
247 2692 454 2757 constare
486 2690 708 2757 exanimatum
740 2712 819 2759 esse
850 2711 974 2779 corpus
1006 2700 1042 2762 ct
1069 2695 1170 2764 tirnns

103 2814 286 2894 norbanus,
310 2824 423 2897 neque
454 2809 659 2895 experientia
689 2815 781 2879 teste
812 2816 1014 2898 putrescens
1045 2834 1171 2902 corpus

105 2924 270 3011 turianum
300 2928 514 2995 reviviscere.
564 2923 695 3007 Quaero
727 2948 771 2995 ex
801 2934 853 2997 te:
890 2928 998 3018 qualis
1028 2933 1074 2999 sit
1104 2934 1171 2998 ista

105 3042 288 3115 certitudo?
330 3042 373 3113 Si
398 3044 616 3112 theoreticam
644 3044 787 3130 (11111111,
816 3068 956 3133 eamque
981 3048 1113 3135 plenam
1134 3054 1170 3117 ct

105 3162 300 3247 absolutam,
328 3162 451 3230 serito
477 3184 635 3251 repugno.
678 3164 766 3231 Nam
791 3163 880 3233 unde
900 3165 1030 3233 haurire
1051 3172 1168 3252 potue·

106 3284 144 3350 ris
160 3284 263 3353 talem
283 3281 532 3371 certitudinem,
553 3282 618 3347 nisi
638 3282 791 3350 vindices
812 3282 874 3351 tibi
895 3285 1070 3350 scientiam
1093 3305 1169 3351 cum

110 3402 243 3491 retiquae
261 3410 403 3471 naturae
423 3406 494 3469 turn
520 3401 678 3487 imprimis
703 3399 865 3470 hnmanae
897 3408 965 3469 tam
985 3402 1169 3490 perfectam

111 3520 306 3591 nomnibus
334 3522 481 3588 numeris
513 3518 718 3604 absolutam,
753 3525 792 3586 ut
812 3522 973 3587 omnino
1005 3523 1168 3608 perspi·

62 3720 67 3732 ,
111 3640 186 3708 cias
210 3660 280 3709 uon
305 3660 411 3728 posse
438 3638 537 3706 uttam
563 3638 703 3727 amplius
730 3639 821 3705 vitae
849 3637 1024 3705 scintillam
1054 3640 1168 3706 inesse

113 3753 140 3821 11
155 3778 289 3847 corpore
309 3756 464 3841 humano,
486 3757 577 3845 quod
598 3756 739 3825 dissolvi
753 3762 788 3824 ct
801 3760 834 3823 in
847 3744 1054 3844 putredinem
1075 3756 1168 3824 abire

118 3872 231 3963 sopiti
261 3880 312 3947 At
331 3882 400 3943 tam
419 3877 571 3963 perfecta
592 3877 732 3955 scientia
754 3878 790 3943 et
809 3877 1044 3962 perspicientia
1067 3896 1168 3963 quum

121 4008 151 4057 ne
166 3995 514 4085 inexperientissimos
534 3995 669 4082 quidem
689 3994 839 4062 medicos
863 3994 976 4078 cadat,
997 3993 1168 4061 fatendum

93 4156 98 4202 ,
125 4114 164 4176 est
177 4134 237 4183 non
255 4114 320 4183 bac
343 4116 396 4181 via
414 4118 449 4181 te
469 4112 643 4182 informare
665 4112 831 4197 iudicium,
853 4114 917 4181 sod
939 4111 1167 4180 concludendo
