2514 4792
599 256 653 323 uo

78 440 144 523 ris,
164 433 340 537 nibilnein
360 435 484 505 iudioio
503 442 758 529 praecipitatum
778 443 838 526 sit3
860 443 919 510 reti
928 442 1008 511 llere
1030 444 1160 513 dubita*

81 558 215 640 tiones,
242 557 274 623 si
295 562 523 644 qnae·oontra
544 566 654 626 motae
676 565 755 626 snut
775 570 833 627 aut
853 569 997 648 possunt
1017 565 1161 645 ruoveri;

82 676 292 749 eonstituere
326 675 401 743 vim·
421 680 457 743 et
476 682 627 744 naturam
663 678 887 762 certitudinis,
923 702 1010 768 quae
1038 682 1071 745 in
1097 680 1162 746 lrae

80 776 162 883 ᾖσι
187 792 390 883 quaestione
417 792 628 861 diiudicanda
648 778 832 882 eomparari
852 768 964 882 queat
1007 798 1056 867 nt
1076 796 1161 865 ller-

75 913 216 981 'rnesios
242 911 378 1001 quidem
400 911 441 979 de
463 910 518 980 his
547 912 700 981 omnibus
726 912 828 981 rebus
849 920 918 980 tum
939 917 974 983 in
994 918 1036 983 iis
1058 915 1163 1000 libris,

84 1031 149 1119 qui
167 1031 203 1097 in
221 1028 333 1099 lucem
354 1028 436 1097 editi
456 1036 546 1115 suut,
567 1036 637 1097 tum
658 1033 692 1097 in
712 1031 971 1100 Introductionis
991 1035 1163 1129 Positivae

77 1153 185 1249 purte
204 1146 326 1232 altera,
350 1168 438 1235 quae
457 1149 602 1217 nondum
622 1153 715 1239 typis
736 1170 864 1220 excusa
884 1157 950 1238 est,
978 1151 1043 1219 hoe
1064 1152 1164 1219 modo

77 1264 259 1337 disserit.
278 1304 323 1319 ·-
364 1264 423 1335 Ex
444 1268 760 1355 supernaturali
781 1272 917 1357 origine,
945 1273 989 1339 si.
1005 1270 1165 1338 theore-

80 1387 218 1455 :tieam
237 1382 485 1462 demonstrandi
512 1387 608 1471 viam,
641 1408 780 1474 eamque
812 1388 958 1473 solam,
994 1391 1166 1477 persequi·

82 1498 176 1587 mur,
195 1500 229 1569 id
249 1508 316 1587 est,
338 1505 371 1571 si
390 1486 522 1592 plenam
543 1512 578 1573 et
598 1507 782 1593 perfectam
803 1480 1007 1575 tbebretieae
1029 1508 1167 1575 rationis

83 1623 361 1712 perspicientiam
381 1627 582 1709 quaerimus,
603 1629 769 1692 nonsatis
792 1632 885 1693 eerto
908 1632 943 1693 et
965 1625 1169 1694 confidenter

82 1739 293 1811 concludere
324 1739 407 1808 lieet
438 1739 622 1811 doctrinam
651 1741 794 1830 aliquam
825 1746 924 1811 etiam
960 1745 1168 1812 divinitus

81 1860 286 1931 traditam
307 1858 433 1943 essel).
477 1858 550 1928 Sed
570 1862 604 1928 iu
627 1860 779 1928 doctrina
801 1860 981 1927 christiana
1001 1860 1169 1928 aeeedunt

83 1980 283 2068 gramssimi
300 1979 460 2045 momenti
480 1999 554 2061 res,
584 1999 670 2064 quae
693 1999 713 2044 a
734 1977 975 2065 supernaturali
996 1978 1083 2046 illius
1104 1980 1169 2045 ori-

90 2098 173 2185 gine
194 2097 340 2184 separari
358 2094 447 2163 nullo
468 2095 568 2164 modo
590 2102 745 2183 possunt,
768 2096 973 2182 eaedemque
986 2080 1021 2163 et
1032 2101 1168 2182 apertae

91 2211 265 2297 omnibus,
285 2215 339 2301 qui
359 2213 484 2301 aliquid
507 2214 632 2298 vident,
656 2221 691 2281 et
704 2217 752 2281 ita
767 2219 990 2301 comparatae,
1012 2220 1050 2281 ut
1072 2214 1170 2281 etiarn

89 2332 269 2403 doctorum
287 2326 410 2421 pellere
432 2333 656 2400 dubitationes
678 2331 836 2416 debeant,
859 2331 924 2399 lroe
940 2339 1005 2416 est,
1027 2337 1065 2398 ut
1086 2332 1170 2397 ratio

83 2454 243 2543 practica
256 2451 356 2519 nobis
369 2451 562 2520 moralem
582 2454 891 2520 neeessitatem
911 2454 1059 2540 imponat
1080 2452 1172 2523 sine

83 2568 175 2641 ulla
210 2568 499 2638 haesitatione
535 2555 735 2638 credendi
763 2593 862 2638 vere
891 2571 1071 2638 divinam
1092 2589 1172 2636 esse

79 2689 278 2758 doctrinam
305 2670 399 2771 eam,
435 2709 534 2775 quam
562 2687 669 2755 Jesus
698 2687 852 2755 Christus
883 2709 957 2754 eum
984 2686 1172 2754 hominibus

90 2808 361 2877 eommuuieavit
404 2806 482 2873 Huc
503 2809 649 2894 pertinet
676 2813 827 2893 apertum
848 2829 889 2874 ae
910 2824 1015 2893 saepe
1036 2828 1172 2874 numero

93 2926 250 2994 iteratum
270 2911 506 3007 testimonium,
534 2923 625 3010 quod
645 2925 721 3011 ipse
742 2924 849 2992 Jesus
873 2923 1026 2992 Christus
1049 2925 1091 2990 de
1113 2944 1175 2989 sua

93 3042 249 3115 doetmna
262 3048 298 3111 et
316 3043 477 3111 missione
499 3039 602 3127 dedit,
624 3041 690 3109 bue
710 3044 879 3129 pertinent
893 3064 934 3109 ea
948 3043 1066 3124 omnia,
1088 3061 1176 3128 quae

91 3162 187 3238 istud
216 3164 443 3241 testimonium
469 3159 535 3229 fide
565 3161 698 3248 dignum
725 3158 965 3248 comprobant,
992 3161 1062 3226 vita
1088 3158 1177 3227 Jesu

92 3280 236 3364 Christi,
257 3280 516 3349 honestissimus
538 3279 624 3362 linis,
646 3279 690 3346 ad
711 3300 812 3367 quem
833 3281 942 3346 omnia
962 3274 1120 3343 miracula
1133 3275 1176 3343 ab

90 3420 136 3468 eo
167 3405 302 3487 patrata
338 3399 581 3488 dirigebantur,
618 3400 745 3465 interna
773 3399 944 3467 doetrinae
979 3394 1178 3463 christianae

93 3545 308 3560 m

134 3635 164 3705 ⁴)
189 3634 324 3689 Hermesii
340 3635 442 3687 lntrod.
462 3636 533 3693 Plril.
551 3637 576 3706 ξ,
594 3635 644 3699 79,
666 3640 728 3691 init.
746 3636 937 3704 lleqnireretnr
954 3635 1035 3694 enim,
1059 3640 1090 3685 ut
1105 3633 1179 3684 theo-

183 3722 271 3774 retica
287 3722 358 3773 ratio
375 3740 424 3791 per
441 3739 470 3775 se
486 3724 546 3775 sola
563 3724 711 3775 secundm
723 3722 885 3791 principium
898 3720 1005 3771 causale
1023 3719 1181 3770 alterntmm

188 3808 371 3859 demonstrare
395 3813 505 3876 possets
530 3808 573 3861 vel
590 3814 697 3876 praeter
712 3806 800 3858 Deum
817 3806 845 3855 in
862 3805 962 3856 mundo
980 3804 1111 3855 invisibili
1127 3821 1181 3855 non

188 3908 248 3943 esse
269 3892 324 3942 alia
345 3882 475 3960 quaedam
501 3894 583 3952 entia,
608 3894 652 3944 vel
676 3898 747 3945 certe
771 3892 867 3941 horum
890 3891 959 3941 vires
982 3891 1017 3941 ad
1037 3890 1130 3949 illum,
1149 3889 1182 3940 (le

190 3992 245 4044 quo
262 3975 408 4045 quaeritur,
428 3977 553 4029 effectum
570 3995 624 4028 non
642 3995 700 4029 esse
719 3978 892 4028 sufficientes.
928 3974 1076 4046 Utrumque
1094 3981 1183 4026 autem

189 4060 273 4111 altino
298 4067 357 4126 est,
382 4079 462 4129 quarn
484 4064 602 4114 atratis
626 4069 716 4116 nostra
742 4080 791 4131 pro
814 4060 872 4112 suis
889 4060 1020 4114 limitibus
1039 4061 1183 4113 seeundum

190 4146 355 4216 prineipiruu
373 4148 483 4221 ramale
499 4162 530 4200 eo
549 4166 632 4217 usque
649 4155 790 4219 penetrare
808 4152 897 4216 queat.
