2514 4792
571 260 620 323 ll

52 439 294 528 gravissimum
314 446 542 527 argumentum
562 443 766 531 adiungitur,
794 446 938 531 positum
960 443 1039 513 ihnd
1060 448 1132 535 qui-

58 558 139 625 dem
162 561 198 625 in
216 560 289 625 tota
311 558 431 644 agendi
451 561 595 645 ratione,
623 582 723 647 quam
743 558 1027 630 Reverendissirui
1049 564 1133 633 Ger-

60 680 189 745 maniae
226 676 496 762 septentrionalis
527 676 714 765 Episcopi,
756 679 827 745 Viri
861 681 1015 767 ingenio,
1053 682 1133 751 doc·

60 798 157 879 trina,
179 792 419 881 explendorum
437 795 624 863 officiorum
645 767 759 862 'studio
786 801 1073 885 praestantissimi,
1100 808 1136 870 et

63 912 211 980 antehac
231 902 460 1001 sequebantur
481 913 573 981 etad
593 914 682 981 hunc
702 934 811 1001 usque
833 914 920 979 diem
940 926 1133 1005 sequuntur.
1170 1000 1175 1011 ,

63 1029 137 1099 Sed
161 1033 333 1117 mittamus
362 1031 464 1115 haec,
497 1054 585 1122 qrrae
615 1033 702 1098 forte
735 1033 946 1117 exciderunt,
979 1058 1135 1126 quaeque

63 1153 174 1215 minus
196 1148 241 1215 ad
261 1170 332 1217 rem
350 1150 465 1219 facere
485 1150 660 1218 videantur
680 1189 723 1200 -
742 1153 877 1218 tametsi
896 1156 1027 1221 minime
1047 1154 1136 1225 levia

61 1272 144 1335 sunt
163 1302 211 1319 -·
229 1271 266 1334 et
284 1268 458 1336 redeamus
479 1268 523 1335 ad
543 1268 618 1336 illos
639 1268 841 1357 Theologos,
869 1273 927 1359 qui
947 1274 1065 1359 primi
1086 1295 1136 1343 ex

61 1383 271 1453 llermesii
300 1382 425 1454 libris
454 1392 764 1474 excerpserunt
806 1386 910 1455 Absit
931 1410 951 1455 a
971 1412 1042 1475 me,
1077 1390 1137 1459 alr-

68 1506 116 1570 sit
134 1524 156 1569 a
174 1502 272 1571 nohis
293 1504 458 1590 omnihus,
486 1511 525 1572 ut
546 1526 606 1571 eos
629 1505 778 1572 dicamus
799 1507 834 1572 in
853 1505 1057 1595 perficiendo
1077 1532 1137 1580 ne·

32 1713 37 1720 Ι
61 1624 175 1709 gotio,
209 1623 302 1711 quod
323 1626 537 1692 commissum
558 1630 645 1708 erat,
681 1601 787 1690 fuisse
813 1624 996 1694 malevolos
1024 1624 1066 1696 de
1087 1632 1137 1697 in·

63 1741 194 1809 dustria
215 1739 450 1829 detorquendo·
465 1742 631 1810 Hermesii
652 1742 742 1810 dicta
762 1744 796 1807 in
816 1750 947 1829 partem
973 1748 1138 1833 peiorem:

61 1880 267 1950 quamquam
291 1858 373 1927 illud
392 1858 471 1927 mihi
491 1861 550 1926 vix
572 1858 707 1926 dubium
728 1866 799 1945 est,
827 1864 907 1947 quin
935 1866 1038 1930 certis
1064 1868 1138 1953 qui-

60 1978 210 2046 busdam
228 1976 466 2065 praeiudicatis
487 1976 697 2064 opinionibus
718 1978 877 2066 implicati
896 1978 1027 2047 iruerint
1070 1982 1139 2051 Ve-

65 2119 143 2164 rum
159 2096 227 2163 hoc
246 2102 414 2183 utcunque
436 2117 475 2162 se
489 2094 629 2161 haheat:
649 2099 830 2182 potuerunt
851 2115 960 2163 errare
981 2098 1015 2164 in
1036 2097 1139 2169 rehus

67 2214 270 2298 difficilibus,
288 2220 467 2303 potuerunt
486 2212 648 2301 principia
669 2212 713 2279 ab
726 2212 902 2285 Hermesio
922 2216 1035 2301 posita
1054 2215 1141 2286 male

61 2332 268 2423 intelligere,
299 2337 480 2420 potuerunt
504 2328 676 2419 principiis
702 2328 788 2398 male
819 2330 999 2400 intellectis
1024 2333 1140 2421 multa,
1199 2412 1206 2423 ⁸

58 2476 153 2543 quae
174 2472 252 2537 cum
269 2453 313 2518 iis
335 2452 518 2519 coniuncta
533 2456 623 2535 sunt,
644 2444 819 2538 perperam
838 2450 1061 2541 interpretari,-
1079 2474 1144 2541 po·

58 2576 202 2641 tuerent
226 2568 401 2639 nonnullas
427 2571 675 2658 propositiones
701 2571 856 2657 accipere
876 2569 976 2637 latius
998 2576 1059 2639 aut
1076 2571 1150 2641 alio

60 2710 190 2775 sensu,
225 2708 328 2777 mam
353 2688 513 2754 orationis
535 2693 715 2766 contextus
744 2692 781 2755 et
800 2689 948 2754 auctoris
970 2688 1150 2756 consillum

60 2806 214 2892 ferebat,
241 2811 422 2895 potuerunt
444 2824 488 2871 ex
507 2802 648 2893 singulis
674 2804 760 2872 l'ocis
787 2804 967 2891 separatim
988 2806 1142 2873 conside·

64 2932 150 2995 ratis
170 2931 231 2993 aut
250 2927 339 2993 iusto
361 2924 462 2991 latius
488 2925 640 3011 acceptis
668 2921 927 3010 argumentando
949 2926 986 2987 et
1010 2923 1143 2990 ratioti-

65 3044 177 3114 nando
211 3043 315 3111 multa
345 3020 519 3131 paludosa
551 3061 573 3105 a
599 3046 710 3107 mente
742 3039 909 3106 Hermcsii
942 3038 1147 3107 alienissima·

65 3164 208 3247 elicere3
243 3158 460 3229 unoverhoz
493 3161 603 3245 potuit
630 3158 720 3224 idem
749 3157 814 3225 illis
844 3154 1015 3238 accidere,
1052 3155 1145 3244 quod

67 3278 293 3372 complui-ihus
314 3280 349 3345 iu
369 3277 546 3344 Germania
566 3275 765 3360 hominihus,
793 3281 940 3343 ceterum
963 3251 1072 3343 doctis
1093 3291 1145 3343 at·

69 3424 136 3489 que
155 3402 292 3489 optimo.
304 3397 416 3464 studio
437 3397 598 3480 incensis,
619 3393 788 3461 accidisse
809 3395 942 3459 seimus·
958 3414 1086 3479 omnes,
1107 3397 1147 3461 ut

67 3540 182 3587 veram
195 3518 362 3585 Hermesii
376 3516 575 3583 sententiam
587 3516 718 3581 minime
730 3519 1005 3599 assequerentur,
1020 3515 1147 3600 quippe

66 3658 133 3704 nec
154 3633 389 3721 Philosophiae
414 3634 653 3700 llenuesianae
683 3633 750 3698 vim
772 3635 807 3696 et
835 3636 986 3697 natrrram
1003 3632 1146 3725 penitus

68 3751 408 3847 comprehendentes,
430 3773 494 3818 nec
516 3751 665 3834 modum,
693 3769 760 3836 quo
782 3747 825 3814 ab
847 3750 913 3815 ista
933 3746 1157 3836 Philosophia,

67 3872 113 3940 nd
130 3852 353 3957 'Theologiam
374 3868 595 3936 Claristianam
616 3868 777 3936 transitus
798 3872 945 3953 paratur,
967 3866 1053 3967 satis
1069 3886 1146 3953 per-

67 3992 227 4078 spectum
252 3988 527 4078 exploratumque
554 3986 728 4056 habentes.
778 3982 866 4067 Quid
895 3987 994 4072 igitur
1020 3982 1145 4051 iudica·

67 4110 194 4191 hirnus,
205 4104 325 4193 sihoc,
342 4106 433 4194 quod
453 4108 645 4196 potuisse
660 4105 730 4173 fieri
739 4102 995 4192 nemonegahit‚
1010 4103 1148 4189 reipsa
