2514 4792
590 255 669 319 als
704 271 707 279 ’

91 436 275 528 baveritis?
316 436 366 506 Et
386 437 478 526 quod
502 439 621 505 attinet
646 404 933 503 adhnmilitatem
958 432 1038 518 fido,
1058 456 1098 522 pro
1135 457 1157 513 ,a

89 560 181 630 fecto
201 561 250 642 is,
278 559 336 645 qui
355 554 442 622 hamc
462 557 687 624 necessariam
715 555 788 623 eins
807 556 1033 642 proprietatem
1046 555 1098 640 poni
1133 586 1157 652 p

86 681 122 745 in
137 678 313 759 coecitate,
335 697 402 764 qua
418 676 630 761 suscipiatur,
650 694 767 768 parum
781 675 881 741 ctiam
894 669 1098 761 perspexitibi
1134 702 1157 746 cr

89 800 157 865 vim
179 802 214 864 et
234 801 393 862 naturam.
435 793 570 861 Minime
591 795 744 876 omnium
765 811 834 859 non
852 793 889 859 in
909 813 963 874 eo,
983 796 1017 858 nt
1033 789 1100 857 oreb
1137 798 1157 861 in

90 935 166 981 mus
187 917 260 981 sine
279 914 416 1003 praevia
438 912 735 994 demonstratione,
758 911 916 977 consistit
935 907 1010 977 fidei
1025 907 1101 975 hnmii·
1137 912 1157 976 iu

87 1039 160 1117 tas,
191 1033 254 1100 sed
281 1035 316 1098 im
337 1053 397 1115 eo,
418 1036 457 1098 nt
483 1035 554 1096 rata
576 1028 776 1112 habeamus,
791 1048 886 1115 quae
907 1048 975 1094 non
993 1026 1104 1106 ubemur
1145 1049 1157 1093 o

85 1157 263 1239 propterea
283 1156 422 1234 tamtum,
444 1147 534 1237 quod
555 1148 639 1215 ratio
660 1147 893 1216 assensionem
911 1144 1105 1234 postulat3po
1151 1165 1157 1212 ι

85 1268 202 1337 stulari
223 1275 334 1338 autem
354 1291 375 1336 a
395 1270 524 1335 ratione
545 1267 794 1350 assensionem,
820 1263 856 1331 id
877 1267 989 1352 msam
1008 1262 1108 1332 ostenti

84 1392 225 1475 peracta
245 1386 530 1470 demonstratio&
572 1385 669 1453 Haec
690 1366 881 1452 ohedientia
896 1404 980 1471 erga
999 1384 1110 1449 rationes

61 1525 62 1530 ¹
87 1505 325 1597 ducem,quae
347 1504 515 1577 credentis
536 1507 573 1571 et
593 1501 852 1592 cogitationibus
873 1507 911 1570 et
930 1498 1112 1571 factisdecb

84 1684 290 1698 ...αι’-ιι·

175 1813 277 1880 ponata
297 1813 390 1860 contm
406 1809 494 1861 omnis
510 1809 717 1875 demonstratio,
737 1826 805 1880 qnae
822 1824 876 1861 non
894 1805 1050 1875 obstringit,
1064 1807 1110 1876 patri

172 1897 222 1949 iila
244 1893 352 1965 quidem
373 1892 480 1970 efficere
502 1894 765 1957 verisimiiitndinem
790 1896 884 1962 (modo
908 1894 1051 1955 maiorem,
1072 1889 1111 1942 arb

173 1967 329 2045 minorem),
354 1982 462 2051 plenam
481 1982 666 2048 certitudinem
683 1981 791 2032 efficere
808 1996 862 2031 aon
878 1985 974 2048 potest
990 1996 1037 2030 sna
1051 1983 1117 2031 nain

172 2066 252 2136 atquc
271 2071 380 2118 eatenus
397 2083 492 2117 manca
509 2068 623 2118 dicenda
640 2071 690 2126 est,
713 2065 763 2116 nbi
780 2066 972 2135 quaeritando
990 2062 1118 2118 renuntiat

84 2143 96 2164 ⁹
150 2144 153 2151 ’
171 2142 224 2217 iou
243 2155 276 2204 ae
294 2151 526 2203 erismatorum
543 2157 656 2203 unum.

124 2256 152 2323 ··)
170 2255 249 2305 Haud
267 2253 347 2304 dubie
374 2271 405 2305 ex
421 2252 473 2305 hoo
497 2259 524 2307 ct
542 2253 675 2304 similibus
698 2251 768 2302 locis
789 2249 924 2303 Hemeaii
948 2256 1091 2320 excerptus·
1102 2249 1123 2294 ei

172 2344 343 2391 accusatores
361 2341 552 2405 concluserunt
569 2356 615 2397 ea,
637 2354 706 2408 quae
724 2353 806 2405 snpra
825 2341 900 2405 (pag.
919 2334 979 2386 125
999 2338 1033 2402 a.)
1044 2345 1116 2399 emper

173 2426 276 2499 simus:
296 2424 463 2476 Hermesium
480 2424 510 2474 id
526 2425 626 2484 moliri,
646 2423 773 2475 attidem
792 2421 968 2474 christianam
988 2416 1117 2473 conrerbtb

173 2511 368 2577 „theorema
393 2508 714 2578 philosophicum,“
745 2508 795 2562 rel.
831 2507 867 2558 At
889 2505 1008 2558 mirifice
1032 2505 1122 2558 sunm

175 2600 202 2646 et
219 2595 289 2662 ipsi,
314 2600 341 2645 et
357 2594 427 2644 alios
444 2588 570 2644 indurare
587 2595 616 2650 in
635 2610 751 2644 errorem
768 2593 1015 2648 luctuosissimum.
1048 2592 1125 2645 flerna·

174 2678 232 2730 sina
251 2679 296 2729 bic
317 2669 486 2745 loquitur‘im
503 2680 655 2731 universum
665 2686 667 2689 “
678 2680 711 2730 de
728 2679 809 2731 iusta
825 2679 1055 2732 demonstratione
1072 2680 1125 2745 deq!

177 2763 234 2816 eius
254 2780 322 2813 meam
340 2777 399 2812 cunr
417 2764 522 2814 ratione
544 2771 635 2814 nostra
652 2795 688 2804 -
704 2783 765 2814 mam
788 2765 874 2816 omnis
892 2765 1096 2824 demonstratio,
1107 2776 1129 2812 nt

176 2849 301 2908 hercule,
326 2848 439 2916 requirit
455 2849 568 2899 rationis
585 2867 663 2899 nsum
683 2869 728 2909 ··3
755 2849 865 2901 minime
883 2841 975 2901 antem
994 2848 1133 2920 loquitnrdt

176 2934 404 3004 argumentis,
422 2935 520 3003 quibus
537 2935 729 2985 demonstratio
746 2933 915 2996 conficiatur,
933 2942 1136 3007 etpropterqmt

175 3023 245 3075 ratio
269 3019 450 3071 assensionem
471 3022 600 3090 postulet.
641 3020 714 3071 Haec
739 3013 896 3087 arghmenta
918 3023 976 3078 aive
995 3024 1103 3082 motiva,
1120 3024 1140 3071 nt

174 3124 256 3176 supra
273 3106 338 3166 dixi,
356 3113 472 3174 possunt
488 3123 546 3157 esse
563 3106 681 3175 duplicis
693 3105 810 3173 generis,
828 3105 916 3156 autin
933 3107 1014 3175 ipsa
1031 3099 1142 3162 ratione

179 3179 267 3251 sita,
285 3182 333 3242 ant
349 3193 568 3243 extrinsecus
586 3190 712 3251 oblata.
746 3189 788 3239 hm
806 3188 960 3260 Hermesiua
980 3212 1094 3264 usquam
1107 3191 1146 3245 lei

112 3305 117 3315 ·
180 3279 294 3336 alterurn
313 3278 545 3344 genmsexclnditi
580 3274 798 3335 Omninoantem
814 3277 908 3327 ratio
925 3283 1147 3350 postulatprr

180 3368 241 3432 pter
257 3363 355 3412 motiva
373 3369 532 3422 externa,
550 3368 582 3413 nt
598 3363 735 3432 credamus
754 3358 819 3420 (vel,
837 3365 872 3410 nt
885 3357 977 3414 malina
997 3367 1103 3419 dicere:
1117 3384 1151 3417 ra·

180 3447 230 3498 tio
248 3462 297 3514 per
314 3446 412 3496 motiva
430 3452 567 3498 externa
583 3444 780 3497 necessario
798 3446 979 3517 adducitur
1005 3451 1043 3502 ad
1061 3454 1153 3504 credon-

87 3583 89 3587 ,
180 3533 266 3594 dnm)
284 3529 375 3581 Jesnm
390 3530 525 3583 Christum
536 3549 593 3582 esse
604 3534 722 3600 legatam
735 3531 795 3582 Dei.
831 3529 889 3583 Hoc
903 3535 1068 3598 constituto,
1087 3537 1157 3608 (qnod

180 3616 316 3687 praevium
330 3612 393 3682 est)
411 3634 504 3668 rursus
522 3619 610 3669 ratio
626 3616 792 3687 postulat,
811 3622 842 3667 nt
853 3624 964 3687 propter
976 3625 1111 3674 motivum
1121 3641 1157 3674 ea·

118 3766 123 3779 ,
184 3707 327 3775 ternum,
344 3703 362 3751 1.
380 3719 404 3753 e.
422 3694 537 3771 propter*
549 3704 734 3753 auctoritatem
751 3701 802 3752 Dei
819 3703 933 3770 singuiis
951 3705 1109 3777 quibusque
1125 3711 1157 3761 do·

182 3787 279 3854 gmatis
297 3784 390 3837 aJesn
409 3785 516 3838 Christo
535 3786 641 3837 traditis
659 3788 845 3847 assentiamur,
861 3790 935 3856 qnod
954 3792 1004 3858 qui
1024 3795 1116 3847 iacere
1131 3814 1157 3845 re

183 3875 274 3930 cusat,
299 3871 323 3921 is
340 3878 511 3940 repugnat
530 3872 674 3923 rationi.
710 3872 784 3923 Idem
800 3874 900 3949 passim
918 3875 1000 3927 docet
1018 3877 1157 3950 Episcopo:

182 3957 425 4031 argentoratensis,
442 3957 525 4009 veluti
542 3958 601 4008 loco
618 3957 667 4008 illo
688 3957 765 4026 (pag.
783 3957 863 4025 12ης
892 3967 1065 4031 „postquam
1087 3969 1157 4018 Deus

182 4043 322 4108 ioquntum
345 4058 403 4093 esso
426 4043 593 4110 agnovimus,
620 4043 728 4095 omnino
751 4049 921 4114 pugnaret
938 4060 1012 4099 cara
1031 4053 1152 4106 ration

183 4145 233 4177 non
252 4125 360 4177 obedire
377 4127 465 4196 ipsi.“
