2514 4792
554 288 660 357 'loo

78 470 202 541 culis.
243 472 360 542 Hanc
390 473 517 543 tidem
547 479 592 543 at
616 474 669 542 nh
699 472 1152 563 Apostoliatraditam

18 680 22 689 Ι
76 590 269 663 ecclesia
307 591 592 682 aperohahat3
631 599 778 661 contra
813 574 1016 663 Gnostici
1051 614 1150 665 avom·

64 724 156 799 ‚por
173 709 286 778 talea
303 711 673 798 exintimnbnntur,
694 714 765 802 qui
785 718 906 781 extra·
924 710 1151 780 eccle-aiam

49 839 236 899 'canent
278 832 333 899 Ac
360 830 459 920 plane
489 833 537 899 ita
563 831 631 899 fert
657 834 707 899 roi
732 837 866 900 natura:
901 833 1026 921 quippe
1047 830 1150 901 homo
1228 872 1231 880 ·

8 966 12 1015 τ
70 968 122 1015 ex
142 928 276 1036 ingenio
299 948 471 1017 doctrinae
492 948 693 1018 christianae
715 972 755 1019 ae
776 948 900 1019 dedere
925 948 1029 1019 debet
1048 952 1148 1019 ratin-
1221 1000 1225 1011 .

29 1152 34 1165 Ι
65 1069 130 1135 nia
158 1070 295 1157 imperio
321 1077 424 1158 atque
453 1070 537 1158 eripi
558 1089 580 1137 e
600 1070 883 1157 concupiscentia,
911 1068 945 1135 in
971 1072 1072 1156 qnam
1097 1068 1147 1135 in·

63 1184 159 1253 cidit
169 1207 239 1275 per
259 1194 448 1275 peecatum.
491 1185 589 1271 ouon
609 1188 750 1275 primum
770 1185 886 1273 colit,
914 1190 947 1257 si
974 1186 1146 1276 ohtempc-
1227 1190 1232 1199 “

63 1310 126 1372 rat
140 1306 279 1372 rationis
292 1312 489 1396 praecepto,
511 1309 593 1396 (quo
607 1306 834 1399 praecipitur,)
854 1310 893 1374 ut
913 1306 1147 1377 doctrinam

63 1422 355 1493 christianam
387 1431 563 1516 proptor
595 1423 862 1523 divinitatem
892 1423 1000 1493 Jeau
1032 1422 1147 1493 chri·

60 1544 129 1611 nti
152 1543 388 1630 credamne,
416 1546 582 1613 etiamsi
606 1543 675 1613 vel
701 1546 874 1613 maxime
902 1542 1145 1619 reluctante
1218 1588 1225 1603 ι

60 1664 429 1749 concupiscentia
474 1661 539 1748 oui
560 1668 672 1732 antem
691 1682 759 1733 non
780 1663 888 1733 credit
907 1665 973 1731 nini
994 1683 1036 1731 ea
1055 1680 1144 1751 qnae

58 1784 256 1871 pempexit,
277 1784 312 1850 in
331 1779 396 1853 hac
417 1803 455 1852 re
476 1782 782 1870 concupiscentiam
808 1803 876 1851 non
895 1782 1009 1850 vincit
1053 1776 1142 1863 ona-

59 1905 208 1989 proptcr
228 1902 328 1968 etiam
353 1901 462 1970 Jeans
490 1900 700 1991 respondens
728 1900 878 1969 'l'homne
903 1897 1025 1967 beatos
1044 1918 1142 1986 prae·
1174 1908 1177 1913 ’

63 2018 196 2086 dicavit
222 2039 303 2104 cos,
335 1996 394 2109 qni
419 2019 561 2089 credunt
586 2025 623 2086 et
648 2039 728 2087 non
753 2016 945 2087 viderunt
965 2019 1046 2102 (non
1067 2034 1140 2099 eoa,

61 2139 126 2226 qui
152 2138 246 2205 nine
271 2138 357 2206 ullo
386 2144 628 2229 argumento
656 2136 836 2206 credunt
855 2172 899 2188 -
919 2133 955 2202 ld
975 2135 1065 2211 enlm
1083 2152 1140 2200 ca·

57 2256 234 2333 deronon
260 2261 377 2345 potest
403 2259 438 2325 in
464 2252 628 2325 lnaulnem
654 2257 782 2324 ratione
806 2253 994 2344 praeditum
1013 2290 1058 2354 -7
1077 2248 1170 2331 ae'd„

42 2378 124 2467 ¹qni
150 2382 278 2444 tantum
305 2374 445 2460 ahcrrm,
477 2380 516 2445 nt
535 2372 626 2443 nihil
643 2374 783 2443 credere
801 2370 923 2458 velint,
954 2371 1021 2439 nial
1047 2366 1141 2462 qnod

55 2514 140 2563 nnn
159 2497 343 2583 ipsorum
364 2496 592 2564 intuitione
607 2492 830 2578 confirmetur,
844 2496 884 2560 nt
897 2492 1009 2574 ettam,
1023 2507 1138 2580 quem·

54 2612 242 2682 admodum
261 2612 397 2697 Petrus,
417 2609 515 2682 aliis
535 2613 804 2700 argumentis
826 2628 949 2679 aurea
969 2605 1138 2675 adhihe-

54 2736 135 2800 nnt
160 2727 285 2818 atqua
321 2731 656 2818 con.lidant“)-
696 2729 801 2801 Plane
832 2729 953 2797 cimilia
983 2728 1139 2817 legdntnr

47 2846 173 2949 ‘paullo
193 2855 290 2937 post,
316 2848 377 2917 uhi
397 2847 512 2919 laudat
530 2851 728 2953 Hermenioa
748 2849 974 2936 Angustinum
995 2851 1032 2914 et
1047 2843 1138 2912 'dhe-

52 2965 224 3058 ophilum,
251 2968 310 3055 qui
330 2989 414 3037 auae
435 2970 558 3037 comtis
580 2967 765 3037 Gnosticos
787 2965 1064 3057 impugnaverint,
1085 2967 1136 3029 at-

53 3106 132 3176 que
162 3085 327 3154 adversus
354 3085 419 3155 has
445 3085 677 3155 contenderint
700 3062 771 3155 non
797 3081 1053 3171 ePhiloaophia
1078 3100 1136 3147 au-

52 3201 214 3272 mendarn
235 3223 315 3273 eoae
335 3204 648 3275 fideimateriam
669 3194 723 3291 (τὸ
746 3198 829 3291 ὅτι),
850 3201 914 3272 aed
936 3221 981 3268 cx
1002 3199 1136 3269 Sacra

52 3320 286 3410 Scriptura
306 3328 343 3390 et
362 3320 630 3408 Traditione,
651 3321 921 3411 credendumque
936 3324 1014 3388 ante
1027 3318 1137 3386 omnia

53 3460 142 3511 eane
162 3446 301 3530 propter
321 3443 555 3511 auctontatem
575 3441 670 3511 Jcau.
686 3437 829 3526 Christi,
850 3459 892 3507 ac
913 3445 991 3515 nm
1004 3436 1138 3505 demum

51 3557 284 3648 quaerendam
310 3556 576 3648 intelligentiam,
607 3560 643 3628 id
669 3565 726 3628 eat
758 3559 934 3627 scientiam
957 3556 1136 3646 pertentiu-

51 3697 139 3745 rem
181 3677 313 3747 Deinde
334 3676 419 3745 haec
447 3677 620 3768 subiungit
639 3681 843 3749 Hermeaina·
858 3699 934 3768 pag.
958 3672 1138 3757 ott-213

50 3794 340 3884 „Perspicere
368 3797 552 3865 doctrinam
580 3816 648 3867 uon
675 3797 785 3867 haheo
812 3816 976 3880 neccsse,
1009 3800 1046 3862 at
1071 3791 1137 3860 hoc

51 3919 319 3998 necessse-eat,
349 3922 387 3984 nt
415 3936 490 3983 eam
516 3919 776 4005 argumentis
807 3913 978 4004 probem
1004 3914 1080 3991 aive
1098 3915 1138 3977 nt

53 4032 370 4120 argumentiasmihi
397 4032 540 4121 probata
561 4036 625 4119 ait,
661 4038 697 4103 ai
713 4034 847 4124 qnidnn
876 4031 1026 4115 credam,
1047 4048 1137 4097 nam

54 4155 149 4222 aino.
162 4158 358 4242 argumento
377 4151 472 4244 qnod
496 4160 651 4242 moneat,
674 4155 742 4227 nioi
770 4148 1135 4245 repudiarcuolinnm·
