2514 4792
339 296 346 313 ''
393 356 422 389 „
533 321 612 390 noe

79 509 163 571 tum
184 501 420 590 Magistrorum
434 500 672 593 Collegium
682 478 734 575 ¹ea
747 502 906 577 facultate
920 508 1105 595 praeditum

73 626 99 707 t,
119 628 158 690 ut
178 623 292 691 fontes
313 622 483 691 decumae
504 620 724 710 christianae,
746 624 805 692 ubi
825 625 994 695 naturales
1014 630 1106 697 vires

73 762 99 808 u
118 743 204 808 satis
226 741 368 811 idoneae
387 742 516 828 forent,
548 741 792 833 supernaturali
820 741 968 831 Spiritus
996 751 1106 815 saneti

73 865 153 928 tute
175 859 325 928 adiutum
345 847 418 927 sin'e
439 861 570 930 errandi
582 861 731 951 periculo
752 863 975 950 interpretari,
1006 885 1105 933 exor-

73 999 151 1067 tque
173 977 217 1046 de
238 977 378 1066 singulis
400 979 566 1067 dogmatis
594 981 820 1052 dubitationes
850 987 887 1049 et
912 987 1104 1075 controver-

73 1118 103 1163 ,ιι
128 1119 191 1184 per
220 1118 426 1164 communem
458 1098 657 1167 sententiam
683 1094 776 1167 certo
808 1097 961 1173 dirimere
991 1108 1103 1189 queat

73 1236 116 1282 un
135 1215 205 1283 lata
224 1213 413 1285 huiusmodi
434 1219 612 1286 sententie
630 1219 688 1308 qui
708 1208 903 1306 agnoverint
924 1222 1103 1289 auetorita-

73 1355 97 1400 n
128 1333 286 1401 divinitus
318 1336 520 1420 institutam,
557 1338 593 1403 in
622 1358 705 1404 vera
736 1335 884 1405 ecelesia
912 1336 1103 1421 manebunt,

73 1471 139 1519 em·
154 1452 254 1519 buius
281 1451 447 1522 eeclesiae
475 1456 510 1521 in
537 1451 688 1522 Gortcilio'
715 1453 862 1542 generali
890 1438 1111 1522 infallibiliter

73 1549 230 1638 elaratam
262 1571 450 1641 concordes
472 1574 519 1639 'et
550 1576 695 1643 unanimi
716 1572 899 1642 servabunt
929 1573 1103 1663 eidemque

73 1687 264 1757 evenienter
290 1689 433 1756 vivendo
457 1689 501 1756 ad
527 1712 655 1759 morum
683 1695 897 1759 sanctitatem
916 1715 984 1760 non
1004 1694 1103 1762 modo

73 1784 249 1875 bisetivem
276 1806 339 1874 sed
367 1809 467 1874 etiam
496 1806 698 1899 obieetivam
723 1812 898 1896 pervenire
928 1816 1102 1898 poterunt:

73 1928 221 1995 ieontra
241 1926 400 2009 fecerint,
432 1905 677 2015 separabuntur
697 1948 718 1993 a
738 1947 821 1994 vera
849 1926 1014 2013 ecelesia,
1046 1950 1102 1997 se·

73 2045 139 2111 ‚rati
167 2042 359 2113 seeundum,
380 2063 464 2116 sues
501 2045 675 2135 opiniones
706 2046 809 2141 vitam
841 2046 964 2134 degent
998 2050 1101 2134 atque
1165 2118 1172 2126 ,

73 2165 214 2232 iumento
236 2162 417 2247 carebunt,
449 2162 542 2250 quod
567 2163 711 2230 instituit
730 2164 837 2232 Jesus
860 2161 1013 2235 Christus
1020 2211 1031 2248 ,
1062 2169 1103 2232 ut
1165 2167 1166 2170 ’

73 2283 304 2349 nes·omnium
325 2287 473 2350 aetatum
492 2281 644 2351 homines
666 2287 760 2350 reeta
782 2282 953 2351 doetrinae
975 2281 1100 2367 saluta-

91 2401 234 2480 seientia
256 2398 359 2488 imbui
377 2405 532 2488 possent,
553 2398 671 2466 imbuti
691 2399 835 2468 salutem
856 2420 952 2467 suam
967 2379 1100 2489 operari
1159 2427 1161 2432 ·

73 2518 150 2587 ione
170 2512 426 2606 perfectissima.
472 2513 611 2584 Omnino
632 2518 733 2605 igitur
754 2520 789 2593 iu
810 2509 1098 2594 ecolesmchristi

73 2615 175 2705 ,sistit
195 2658 237 2704 ae
257 2657 426 2733 nunqnam
454 2613 533 2703 non
547 2636 708 2724 persistet
728 2633 849 2704 saltem
868 2635 1099 2710 collect-iva

73 2758 210 2844 rgisterii
228 2754 459 2840 infallibilitas‚
486 2752 754 2842 quandoquidem
774 2753 861 2822 haee
882 2760 918 2823 et
936 2775 1101 2824 neeesse·

95 2879 149 2942 est
164 2880 201 2943 et
214 2895 296 2943 vero
319 2877 419 2942 etiam
439 2870 612 2940 sufficiens
633 2870 807 2958 adfinem,
829 2857 989 2962 quidese
1003 2870 1097 2947 Chri

73 2982 294 3080 propositus
315 2999 399 3078 erat,
422 2989 677 3078 assequendum
747 2987 750 2991 ’

107 3109 206 3195 Quod
241 3112 417 3202 bucusque
449 3131 495 3178 ex
524 3110 676 3196 ingenio
692 3107 860 3196 religionis
888 3046 1096 3176 christianae

73 3233 338 3316 monstravimus,
366 3230 458 3299 idem
477 3231 578 3298 etiam
599 3227 727 3296 directe
749 3227 928 3316 significari
949 3226 1096 3315 complu·
1171 3292 1173 3298 .

73 3365 116 3415 us
137 3370 256 3418 sacrae
284 3353 470 3438 scripturae
496 3348 582 3417 locis
608 3367 698 3416 nune
720 3347 853 3435 quidem
878 3344 1011 3412 facibus
1031 3344 1096 3411 lar-

73 3485 157 3534 mur.
200 3469 278 3536 Huc
305 3489 422 3535 rursus
448 3472 607 3554 spectant
637 3465 743 3534 verba
771 3466 830 3553 ¹illa
860 3464 949 3552 apud
975 3461 1093 3532 Matth.

75 3630 88 3665 ‚
110 3589 177 3652 20:
200 3589 356 3672 „Docete
378 3606 439 3653 eos
461 3607 598 3653 servare
619 3586 740 3668 omnia,
762 3602 983 3671 quaeeunque
1004 3602 1095 3646 man·

73 3705 100 3769 ri
120 3702 232 3790 vobis,
254 3710 299 3790 et,
322 3703 423 3773 eeoel
456 3724 532 3791 ego
553 3700 774 3781 vobiscum
795 3722 881 3768 sum
901 3698 1095 3768 omnibus

73 3821 198 3908 ebus,
240 3843 375 3911 usque
411 3821 461 3888 ad
502 3822 896 3889 consummationem
933 3817 1096 3886 saeculi

73 3935 99 4015 ic
119 3942 185 4029 τῆς
207 3937 399 4022 συντελείας
419 3939 483 4006 τοῦ
512 3939 685 4024 αἰῶνος).“
727 3940 889 4005 Nimirum
915 3935 1094 4024 alloquitur

73 4081 128 4129 sus
150 4059 306 4128 Christus
333 4056 520 4148 Apostolos
545 4064 644 4148 quasi
664 4078 843 4146 personam
864 4062 1020 4144 gerentes
1040 4061 1092 4122 to·

73 4200 89 4247 s
116 4178 304 4267 magisterii
329 4179 364 4246 in
383 4167 532 4249 ecelesia
558 4179 701 4248 instituti
726 4196 769 4244 ao
795 4181 959 4263 perpetuo
987 4174 1092 4242 eonti-

544 4317 545 4320 ’
815 4293 891 4362 13*
