2596 4778
610 256 743 329 dd.

23 480 26 488 ·
105 440 184 527 quid
205 440 399 507 Hermesius
420 440 463 507 ad
484 440 580 522 haec,
610 442 643 505 in
666 438 788 526 quihus
810 437 988 505 exsultare
1001 438 1171 507 doctrina:

105 557 303 625 christianae
322 558 505 625 adversarii
525 557 643 625 solent
687 556 832 639 Trilruit,
860 535 1086 644 quoduegan·
1104 574 1171 623 ιιιιι

100 674 230 762 potest,
261 674 518 743 theoreticae
541 677 676 742 rationis
697 678 762 759 via,
786 696 893 762 eaque
914 654 1010 758 nna,
1040 674 1083 741 ad
1102 695 1171 743 ma:

104 793 227 858 ximam
246 793 380 880 quidem
400 766 712 861 verisimilitudinem
728 792 769 859 de
784 796 925 860 veritate
943 792 1171 860 miraculorum

105 910 278 996 pervenire
298 932 362 980 nos
382 933 498 1005 posse,
520 913 563 979 ad
576 911 707 1000 plenam
727 910 959 987 certitudinem
978 932 1045 979 non
1057 933 1171 1000 posse

106 1028 192 1094 Nam
212 1027 416 1097 theoreticae
442 1032 585 1121 rationis
599 1032 653 1097 vis
674 1032 708 1097 in
730 1051 770 1096 eo
793 1031 955 1112 cernitur,
976 1031 1171 1117 primumn!

74 1132 78 1145 ²
107 1147 368 1235 uniuscuiusque
389 1154 529 1215 eventus
552 1168 688 1215 eausam
710 1147 853 1237 aliquam
874 1145 1096 1227 sufficientem
1115 1168 1171 1217 ne·

51 1248 56 1259 ’
98 1264 256 1330 cessario
271 1271 409 1349 statuat,
431 1266 602 1334 deludent
621 1265 725 1332 hanc
746 1264 857 1332 illum
877 1287 1014 1333 cansam
1028 1271 1171 1335 statuere

105 1385 177 1449 tum
203 1382 334 1450 demum
355 1390 510 1470 cogatur,
542 1383 600 1450 uhi
628 1383 888 1450 demonstratum
910 1389 1051 1452 estnon
1070 1384 1171 1472 possl!

106 1496 205 1565 aliam
224 1479 323 1566 ullam
345 1504 459 1586 statui,
481 1504 528 1568 ita
549 1501 697 1588 quidem,
719 1506 758 1568 ut
777 1502 884 1568 omnis
907 1522 1012 1569 causa
1031 1490 1171 1570 tollenda

108 1618 155 1683 sit
173 1654 217 1669 —
229 1620 320 1707 qnod
340 1625 505 1708 repugnat
526 1622 644 1686 rationi
658 1656 711 1703 —‚
733 1621 798 1685 nisi
818 1618 904 1686 haec
925 1618 981 1687 illa
1001 1624 1171 1689 statuatur.

107 1731 201 1816 Quas
226 1733 320 1825 leges
347 1738 611 1826 simplicissimas
638 1746 674 1806 et
694 1745 829 1827 apertas
850 1741 882 1805 si
902 1738 947 1804 ad
972 1743 1171 1829 propositam

105 1859 336 1971 quaestiopem
356 1878 569 1942 revocamus3
590 1861 730 1946 primum
749 1857 933 1924 theoretica
954 1860 1039 1924 ratio
1058 1878 1171 1925 neces-

107 1976 196 2042 sario
218 1978 336 2043 statuit
351 1966 436 2044 ¹esee
459 1996 596 2043 causam
617 1977 842 2064 prodigiorum
863 1975 990 2041 illorum
1012 1975 1171 2043 sufficien-

106 2096 175 2158 tem
195 2093 385 2183 ubicunque
408 2095 538 2163 demum
558 2087 712 2182 positam.
756 2077 911 2162 Etiamne
933 2093 977 2160 ad
998 2093 1063 2160 hoc
1082 2092 1171 2159 thed-

27 2250 30 2255 ·
107 2213 212 2303 retica
233 2214 328 2296 ratio,
351 2216 383 2280 si
404 2216 649 2301 circumspecte
671 2218 736 2295 est,
759 2214 918 2278 omnino
942 2215 1117 2298 cogitur,
1134 2212 1171 2275 ut

107 2333 245 2395 cansam
265 2352 332 2397 non
352 2333 386 2398 in
408 2353 516 2398 rerum
535 2338 653 2398 natura
674 2333 819 2417 positam
840 2336 969 2396 statuat
990 2330 1053 2396 scd
1067 2328 1169 2395 invir-

107 2449 179 2513 tute
207 2447 350 2534 quedam
377 2448 519 2516 altiori
541 2455 576 2516 et
604 2446 935 2535 supernaturali?
976 2441 1169 2514 verisimilli-

106 2585 194 2630 mum
207 2564 242 2630 id
256 2585 335 2633 esse
350 2586 391 2633 ac
404 2588 510 2655 prope
532 2572 660 2633 certum
679 2569 872 2634 necessario
893 2564 1065 2650 iudicabit,
1086 2576 1171 2653 prae-¹

107 2685 221 2749 sertim
242 2685 273 2749 si
293 2686 456 2749 maximus
476 2684 700 2771 prodigiorum
728 2683 855 2750 illorum
881 2704 1038 2752 numerus
1058 2693 1171 2768 resque

108 2821 224 2867 omnes
246 2822 322 2867 cum
342 2803 385 2867 iis
401 2805 599 2869 coniunctae
621 2805 758 2868 veniunt
779 2804 812 2867 in
835 2822 981 2868 censum.
1006 2801 1171 2871 niumm

108 2898 329 2991 confitendum
352 2926 406 2987 est
430 2920 507 2987 hac
536 2918 628 2987 sola
649 2919 899 3007 argumentandi
918 2922 984 3003 via,
1006 2919 1041 2986 id
1061 2924 1115 2986 est
1132 2906 1171 2978 ol·

107 3045 180 3106 tera
206 3037 261 3105 illa
287 3037 493 3106 theoreticae
521 3040 658 3106 rationis
680 3038 755 3125 lege
784 3036 950 3121 adhibita,
983 3036 1027 3102 ad
1053 3036 1171 3124 plena1¹

109 3160 144 3222 et
175 3155 218 3222 ab
249 3158 337 3223 omni
369 3155 574 3224 dubitatione
608 3177 750 3224 vacuam
781 3155 1012 3230 certitudinem
1045 3153 1110 3220 sub
1143 3161 1171 3212 8²

108 3277 236 3340 tantum
270 3273 457 3342 conditione
494 3277 660 3361 perveniri
689 3294 811 3362 posse,
844 3276 875 3339 si
906 3275 1171 3361 perfectissima!

111 3392 330 3479 omnibusque
356 3394 501 3458 numeris
533 3392 720 3460 absolutam
752 3395 887 3460 totius
909 3397 1051 3474 naturae.
1069 3393 1171 3456 ιιίιὶιι1

111 3510 331 3594 cognitionem
358 3508 556 3576 haberemus
563 3532 572 3594 3
605 3533 681 3576 narn
707 3513 753 3578 ita
788 3511 918 3578 demum
944 3509 1024 3576 illud
1053 3516 1171 3596 compi

110 3627 175 3690 rari
194 3632 325 3713 posset,
348 3627 439 3714 quod
460 3628 504 3694 ad
524 3629 625 3696 talem
647 3629 877 3697 certitudinem
897 3628 1117 3695 theoreticam
1137 3642 1171 3693 1⁴⁴

111 3745 312 3830 quireretur,
348 3745 472 3831 plena
506 3752 540 3812 et
578 3731 777 3832 perfecta
813 3747 1121 3833 perspicientia
1162 3739 1171 3804 ι’

111 3863 306 3927 universa
335 3885 443 3928 rerum
470 3870 586 3929 natura
622 3864 756 3931 nullas
786 3866 915 3933 omnino
943 3865 1034 3930 vires
1061 3864 1171 3929 mess«

112 4001 197 4066 quae
221 3981 353 4048 iunctae
377 3987 412 4048 ct
435 3960 737 4053 corrcur¹rentesad
767 3989 860 4057 tenta
883 3960 1056 4049 efficienda
1078 3980 1171 4068 prod
