2596 4778
614 267 668 333 82

106 424 517 549 Habemuseriterium
538 450 767 534 falsitatis,
788 450 824 518 id
838 448 971 519 esthoe
992 449 1069 521 loco
1088 472 1166 522 cer-

107 583 188 643 tam
208 579 350 641 notam
370 571 551 655 originis
571 550 649 635 noa
666 569 850 653 divinae.
896 550 1111 650 Quamobrem
1126 577 1166 639 ut

105 693 246 782 possit
271 688 420 757 doctrina
447 687 611 772 quaedam
637 710 698 774 pro
727 687 884 756 divinitas
905 687 1166 773 tradita-haheat,

107 814 235 881 omnino
261 808 437 894 requiritur
456 806 541 871 haec
569 800 713 873 condhio
739 804 911 894 negativa:
942 794 1166 895 dt²ncquld

107 931 320 998 contineat
340 926 498 991 rationi
518 919 687 990 nostrae
710 924 992 991 contrarium*
1050 986 1055 999 ,

190 1044 345 1113 Etiamne
365 1041 430 1109 hoe
452 1044 641 1128 requirinn:
675 1047 723 1109 ut
740 1062 790 1108 ne
812 1040 911 1129 qnid
933 1046 1162 1141 contineat,

105 1162 216 1253 quod
237 1165 437 1237 rationem
466 1159 677 1263 humarram
697 1156 897 1247 superet?
928 1160 1051 1247 idest,
1080 1159 1161 1251 quod

105 1304 149 1350 ex
163 1280 267 1348 solius
289 1281 425 1347 rationis
445 1285 580 1345 nostrae
597 1279 770 1366 principiis
785 1277 1002 1346 demonstrari
1015 1301 1080 1348 non
1091 1298 1160 1368 poe·

105 1401 161 1481 sit,
182 1403 240 1465 ant
259 1399 380 1490 mentis
400 1402 535 1463 nostrae
562 1398 830 1484 perspicientiam
851 1401 887 1464 et
907 1397 1161 1486 comprehensio·

104 1537 181 1582 nem
202 1511 368 1592 excedat?
389 1515 522 1583 Minime
544 1517 695 1583 omniurn.
737 1515 825 1582 Nam
838 1517 921 1583 ratio
935 1522 1053 1595 nostra
1072 1532 1163 1607 qutun

106 1712 310 1729 ψ’

177 1730 198 1751 ’-

190 1844 239 1899 est,
266 1836 338 1904 qnod
354 1834 532 1905 Philosophus
551 1838 727 1905 (Aristoteles)
746 1839 813 1890 dicit
829 1833 901 1889 iri-5.
922 1837 954 1888 de
972 1839 1077 1898 Anima,
1100 1826 1166 1907 qno!

153 1968 169 1979 „
191 1922 368 1991 speculativos
394 1912 515 1972 dill'ert‘n
533 1925 667 1992 practico,
692 1925 794 1974 line.“
836 1921 912 1972 llanc
933 1918 1107 1974 dill'ercntiarn
1123 1908 1166 1991 qul

134 2020 137 2024 ’
189 2007 306 2068 tollunt,
326 2026 367 2058 res
385 2009 577 2059 diversissimas
595 2011 724 2068 miscent,
746 2009 886 2078 ipsamque
904 2007 1104 2077 Philosophiam
1120 1997 1166 2060 to!

104 2092 107 2099 ’
188 2092 260 2146 lunt.
278 2089 378 2143 'Ratio‘
392 2099 485 2144 nostra
502 2112 533 2145 ex
550 2102 660 2145 naturae
677 2110 743 2153 suae
760 2110 776 2142 a
792 2093 849 2142 Deo
866 2092 919 2161 ipsi
936 2092 1107 2162 ingeneratae
1122 2095 1166 2144 irss

188 2179 269 2248 p'nlsa
286 2195 339 2228 non
352 2168 483 2229 id‘unum
502 2181 569 2246 agit,
587 2187 617 2230 nt
633 2181 668 2229 nd
684 2179 740 2228 veri
758 2176 897 2227 scientiam
917 2163 1066 2246 perveniat,
1089 2185 1166 2248 neq!¹

104 2288 109 2296 ·
153 2288 157 2295 ·
187 2264 216 2313 in
233 2262 284 2312 hoe
302 2279 356 2312 nno
373 2260 509 2322 subsistit,
528 2265 576 2314 sed
593 2280 624 2313 ex
642 2260 733 2313 endem
751 2269 845 2312 natura
864 2279 912 2312 saa
930 2263 1010 2313 etiam
1028 2281 1059 2314 eo
1075 2262 1166 2332 pergi‘

190 2352 222 2396 ut
238 2348 383 2398 secundnm
401 2349 534 2416 praeviam
553 2349 690 2399 scientiam
708 2347 810 2405 iubent,
835 2348 958 2415 imperet,
977 2364 1077 2400 marm
1094 2356 1166 2415 prat

188 2437 267 2499 cepta
282 2438 425 2501 proponat.
460 2432 553 2501 ltaque
568 2432 726 2491 noneolam
744 2437 775 2483 ut
790 2431 947 2483 facultatem
964 2439 992 2485 et
1006 2433 1056 2483 vin
1072 2431 1166 2482 theo

105 2578 109 2585 Ι
187 2515 329 2565 reticem
353 2533 411 2575 sese
429 2516 562 2576 declarat,
589 2518 637 2566 sed
654 2517 734 2567 ctiam
746 2524 783 2593 ιιιι
799 2517 1051 2585 imperatricem
1067 2532 1088 2566 s.
1105 2530 1166 2565 nro

145 2606 147 2613 '
186 2600 308 2660 salem,
333 2600 408 2650 cuius
432 2604 575 2668 praecepta
590 2601 745 2669 diriguntur
761 2603 796 2653 ad
818 2602 1035 2654 voluntatem¹
1057 2616 1166 2670 eamqu-

155 2700 158 2711 ·
187 2683 361 2751 ohligant,
379 2683 429 2734 hoc
448 2689 490 2734 est
507 2686 649 2745 voluntati,
669 2704 737 2756 quae
753 2688 813 2755 ipsa
829 2685 915 2737 lihero
933 2687 1045 2739 arbitrio
1060 2687 1166 2756 gaude!

103 2832 107 2837 ,
186 2772 429 2822 necessitatem
452 2771 786 2839 moralem‘nppeteudi
810 2770 940 2839 (volendi)
965 2781 993 2825 et
1009 2773 1106 2843 apendi
1123 2772 1166 2847 in!

186 2862 300 2924 ponunt.
335 2854 407 2905 Idem
424 2854 461 2907 Ι),
479 2854 594 2906 Thomas
611 2853 652 2905 his
669 2855 757 2906 verbis
775 2857 900 2925 exprimit
916 2858 936 2911 l.
954 2875 995 2911 e.=
1027 2856 1166 2918 „intellec

184 2950 230 2992 tus
247 2940 384 3010 practicus
402 2944 444 2990 est
459 2940 588 2991 motivum
611 2956 666 2991 non
684 2940 761 3010 quast
785 2959 914 3011 exequens
939 2949 1041 2994 rnatum
1059 2946 1111 3012 (sc.
1127 2955 1166 2992 rt:

185 3027 323 3085 luntatis),
346 3026 394 3076 sed
412 3027 489 3094 qnasi
507 3027 626 3092 dirigens
644 3027 679 3076 ad
695 3033 830 3076 motum.“
866 3028 982 3079 Proinde
999 3046 1052 3080 una
1069 3030 1166 3079 eaden:

186 3128 238 3181 qne
262 3111 331 3161 ratio
348 3117 440 3183 nostra
462 3112 566 3181 duplici
588 3112 668 3173 modo
692 3112 750 3179 agit
772 3129 803 3160 ex
828 3120 940 3164 naturae
963 3129 1027 3164 snae
1043 3114 1166 3183 impulsat

185 3195 275 3245 Habet
291 3202 378 3247 antem
396 3203 518 3247 naturam
536 3214 609 3246 suam
621 3195 711 3254 olleo,
729 3196 775 3263 qui
795 3195 902 3249 Summa
920 3198 998 3248 Ratio
1017 3204 1044 3248 et
1061 3196 1166 3250 sancti=

185 3283 270 3330 simus
288 3287 339 3334 est.
375 3280 485 3349 Exque
504 3280 631 3340 efficitur,
650 3286 681 3330 ut
697 3280 736 3338 id,
760 3283 831 3353 qnod
849 3289 941 3334 nostra
958 3284 1028 3333 ratio
1045 3289 1166 3352 tanqua·

187 3366 364 3416 naturalis
387 3365 439 3416 dux
460 3365 576 3416 humano
600 3365 690 3432 generi
709 3383 724 3415 a
742 3366 798 3415 Deo
817 3369 916 3419 tradita
937 3373 1018 3429 certo
1034 3384 1147 3435 cognose

186 3456 357 3510 atterum,
381 3450 423 3500 vel
446 3451 579 3519 praecipit
603 3456 633 3500 nt
650 3450 772 3500 bonum
796 3459 823 3501 et
840 3452 1030 3512 honestum,
1049 3452 1100 3504 hoc
1118 3459 1166 3503 cs!

186 3541 218 3585 ut
239 3553 351 3586 verum
378 3541 405 3584 et
428 3541 559 3585 rectum
578 3553 679 3585 sensu
703 3537 825 3587 morali
851 3539 989 3601 aestimat,
1019 3536 1166 3590 habendas

103 3626 109 3684 J
185 3618 289 3688 sitpro
307 3620 528 3670 revelatione
546 3619 686 3677 divina,
705 3621 856 3690 etquidem
875 3623 1035 3673 naturali.
1073 3624 1151 3675 Pers

186 3709 273 3754 antem
298 3705 406 3755 evidens
429 3709 484 3762 est,
510 3703 573 3754 huic
597 3706 753 3755 natarali
778 3707 933 3759 revelationi
957 3708 1098 3761 divinae
1116 3723 1166 3761 no!

184 3805 264 3853 posse
281 3789 360 3838 aliam
378 3806 527 3856 repugnare
551 3793 872 3856 supernaturalem,
895 3792 948 3843 nisi
970 3792 1057 3844 Deum
1080 3811 1166 3846 secur·

185 3873 245 3940 ipso
267 3879 428 3941 pugnantem
441 3873 594 3947 iaciamus.
620 3901 655 3911 —
684 3875 788 3926 Pariter
812 3864 1025 3945 supernaturalis
1041 3879 1166 3931 revelarit

185 3955 274 4033 divina
303 3960 478 4026 posterior
504 3975 556 4009 non
580 3963 672 4026 potest
704 3961 782 4011 alteri
809 3963 923 4029 priori
954 3966 1088 4017 contraria
1110 3980 1166 4016 esse

184 4048 294 4111 eamque
311 4041 417 4096 tollere.
439 4073 475 4082 -
510 4042 553 4096 Cf.
578 4043 711 4095 Hermesii
736 4044 884 4098 introduct.
909 4046 1065 4118 Philosoph.
1087 4050 1112 4118 ξ.
1131 4048 1166 4102 79

137 4165 139 4168 ⁴
182 4140 245 4194 pag.
266 4120 327 4177 558
344 4125 469 4192 (exedit.
487 4126 554 4197 aaa)
572 4133 601 4181 et
616 4127 641 4197 ἐ.
657 4125 700 4213 fili
717 4127 768 4182 sch
786 4149 860 4187 num.
879 4130 899 4184 4
915 4138 943 4185 et
959 4150 1041 4205 saepe
1057 4135 1134 4190 elihi.
