2514 4792
536 276 589 363 ἡ

10 479 114 549 l'ccto
126 480 228 563 inest,
239 477 332 567 qnod
341 480 412 547 iure
421 478 627 564 offendat-3
642 482 872 569 apertissimis,
883 480 1006 575 qulbus
1017 508 1097 575 pos·

10 616 153 687 sununs,
173 596 286 666 vorbis
308 596 571 684 enuntiabimus,
593 603 631 667 et
650 599 732 687 quid
751 598 889 687 intelligi
909 602 992 672 velit
1011 605 1098 673 ller-

10 698 150 786 mesius
169 736 233 803 per
252 720 428 804 utrumqne
448 716 586 785 formam
605 712 704 799 illum,
727 723 764 785 et
777 717 858 805 quid
870 725 1099 791 necessarium

10 854 102 903 esse
123 832 249 903 doceat
266 831 312 900 ad
332 832 431 901 iidem
457 836 576 903 rationi
602 840 875 920 consentaneam,
900 844 1099 927 praesertim

10 952 47 1021 hs
71 949 181 1021 rebus
200 950 408 1039 theologicis.

105 1069 225 1138 Fidem
251 1071 408 1138 rationi
435 1088 515 1137 non
546 1076 872 1140 consentaneam
901 1069 1100 1143 Hermesius

10 1176 97 1257 enm
118 1186 213 1271 dicit,
233 1208 322 1277 quae
341 1187 396 1256 vel
416 1190 548 1255 omnino
569 1192 698 1277 pugnat
711 1204 789 1256 cunr
802 1189 942 1275 ratione,
963 1192 1018 1261 vel
1031 1192 1099 1261 sal·

10 1310 92 1375 tem
124 1286 285 1373 eiusmodi
313 1310 380 1389 est,
412 1311 452 1373 ut
478 1327 546 1374 non
576 1307 761 1375 secundum
786 1313 912 1375 rectam
938 1282 1100 1379 ¹rationem

10 1422 238 1511 suscipiatur.
256 1422 334 1491 Huc
354 1425 499 1512 pertinet
519 1445 616 1493 omne
637 1428 960 1514 superstitionis
981 1448 1100 1518 genus,

13 1538 187 1625 laucitsm
205 1541 318 1611 fides
336 1564 476 1633 prorsus
496 1548 653 1611 temera
672 1550 709 1611 et
729 1565 865 1612 caeca.
906 1544 976 1614 Est
989 1551 1101 1616 autern

13 1656 276 1747 diligentissimo
295 1660 492 1744 cavendm
520 1683 563 1730 ne
583 1664 619 1730 in
647 1661 749 1731 talem
777 1662 879 1730 fidem
905 1663 1099 1735 nudamus

16 1778 111 1847 Nam
131 1773 229 1864 ratio,
250 1778 404 1868 qinom
425 1778 597 1847 debilitata
618 1783 674 1865 sit,
695 1787 807 1850 tamen
820 1803 883 1848 sua
896 1788 1015 1851 natura
1032 1778 1101 1853 non

20 1894 69 1965 sd
90 1909 240 1965 errorem
261 1899 458 1986 compositu,
480 1897 544 1966 sed
564 1898 608 1965 alr
629 1902 705 1987 ipso
725 1896 802 1968 Deo
824 1903 939 1986 generi
957 1899 1100 1969 humano

19 2014 151 2083 tributa
171 2021 227 2084 est
244 2022 404 2104 tauquam
423 2019 523 2083 unica
543 2015 613 2083 dux
633 2016 842 2085 naturalis
863 2016 906 2109 ad
927 2021 1103 2086 veritatem

25 2132 305 2220 cognoscendam.
348 2134 406 2203 Ex
427 2155 495 2223 quo
517 2134 675 2217 efficitur,
701 2141 741 2201 ut
760 2135 810 2217 is,
839 2135 897 2221 qui
921 2136 1104 2222 pugnantia

27 2270 110 2319 clun
129 2252 264 2338 ratione,
281 2256 400 2321 nescio
422 2273 490 2341 quo
510 2251 622 2336 modo,
650 2252 870 2340 amplectitur,
890 2253 1038 2342 itemque
1058 2256 1103 2339 is,

26 2370 89 2459 qui
109 2374 234 2437 temere
254 2372 361 2439 credit
381 2376 442 2439 aut
461 2373 575 2458 pravis
603 2371 803 2460 quibusdam
823 2372 922 2439 animi
940 2371 1103 2442 inclinati·

20 2488 150 2559 onibus
177 2488 481 2578 cupiditatibusque
508 2493 635 2559 moveri
655 2512 695 2559 se
715 2494 842 2580 patitur
866 2489 912 2557 ad
931 2493 1103 2559 assensio·

19 2628 105 2676 nem
125 2606 357 2693 adhibendam,
377 2628 399 2674 a
419 2612 547 2677 ratione
569 2616 605 2678 et
625 2609 669 2676 alr
690 2612 765 2698 ipso
786 2608 863 2677 Deo
885 2610 1023 2678 rationis
1043 2630 1102 2677 no-

18 2726 293 2801 stracmuctore
315 2724 458 2811 deficiat,
480 2748 621 2817 eamque
641 2728 687 2795 ob
709 2750 847 2796 causam
867 2730 1024 2816 pessimis
1044 2731 1104 2795 im·

19 2844 174 2935 plicetur
193 2844 374 2928 erroribus,
388 2866 483 2933 -quos
505 2849 630 2914 evitare
651 2847 864 2934 proviribus
884 2846 1010 2913 nostris
1029 2843 1106 2933 lege

27 2965 178 3034 interiori
197 2966 412 3032 sanctissima
421 2962 579 3032 iubemur.
622 2963 796 3052 Fugienda
817 2967 873 3030 est
891 2961 1106 3045 leotasius,

28 3102 122 3173 quae
142 3080 227 3151 'sive
259 3102 303 3151 cx
332 3088 467 3170 torpore
499 3085 572 3150 sive
605 3104 649 3151 ex
678 3082 742 3149 alia
773 3080 916 3169 quadam
946 3098 1108 3167 perversa
1181 3164 1184 3172 Ι

19 3202 131 3271 annul
145 3224 148 3229 ·
161 3201 337 3270 affectione
368 3200 589 3289 proficiscens
620 3206 680 3267 aut
710 3205 827 3267 contra
858 3200 1018 3266 rationem
1048 3201 1108 3264 aut

20 3308 153 3389 saltem
172 3318 304 3409 absque
325 3322 462 3388 rationis
490 3319 595 3387 ductu
616 3319 659 3387 ad
686 3317 887 3387 credendum
908 3315 1106 3403 aggreditur.

25 3434 129 3522 Quas
156 3444 274 3507 cont'm
305 3440 466 3506 rationem
496 3443 594 3522 sunt,
626 3460 676 3507 ue»
695 3442 840 3526 possunt
866 3434 1001 3524 quidem
1026 3454 1107 3502 esse

20 3576 129 3642 mera,
150 3557 294 3645 ideoque
315 3558 414 3624 etiam
435 3578 456 3622 a
477 3554 564 3638 Deo,
594 3557 718 3644 quippe
745 3575 873 3622 summa
892 3552 1109 3642 intelligentia

26 3674 184 3768 praedito
205 3680 241 3743 et
260 3677 453 3757 verissimo,
483 3694 552 3741 non
575 3681 721 3761 possunt
745 3673 789 3741 ad
811 3671 1012 3740 credendum
1031 3691 1108 3759 pro-

27 3774 123 3886 poni.
164 3793 268 3861 Fides
296 3799 406 3863 autern
426 3798 568 3878 temere,
596 3793 631 3859 id
653 3800 708 3860 est
733 3791 863 3880 absque
884 3790 951 3857 ullo
971 3791 1109 3857 rationis
1152 3862 1155 3871 p

29 3911 151 3996 ductu,
179 3918 352 4000 suscepta
367 3912 519 4009 quamvis
545 3913 632 3978 forte
658 3912 789 3976 fortuna
809 3910 921 3998 possit
941 3907 1108 3976 obieclive

29 4054 117 4101 vera
139 4052 229 4117 esse,
263 4036 375 4098 tamen
402 4031 492 4097 omni
520 4029 726 4096 certitudinis
752 4034 832 4095 nota
859 4032 968 4095 caret:
1003 4027 1109 4109 ntis,

30 4153 93 4241 qui
115 4156 240 4220 temere
251 4151 445 4233 assentitur,
467 4149 685 4236 actionesque
707 4166 789 4214 suas
810 4145 854 4215 ad
875 4144 975 4214 talem
993 4162 1112 4214 ossen*
