2514 4792
83 452 310 523 conditionem
343 442 520 523 Verumtos
552 474 644 524 esse.
687 450 804 540 Vides,
838 476 998 547 quorsom
1023 478 1082 529 res

75 564 153 641 urst
191 574 355 639 Nimirum
382 574 505 639 sumtio
532 570 588 640 illa
617 592 659 639 eo
689 572 802 661 ducit,
828 580 867 643 ut
885 574 974 644 nullo
995 583 1081 647 tem·

75 690 210 781 e'(nullo
231 692 267 757 in
289 690 386 775 casu)
406 690 508 757 etiam
534 694 797 779 putrescentium
825 712 1000 782 eorpomm
1019 694 1081 765 hu.
1206 730 1214 739 -

75 830 175 879 rorum
198 808 255 878 vel
285 808 457 897 sepultura
487 806 544 875 vel
571 808 801 876 combustione
833 810 993 881 utendum
1023 814 1081 898 sit,

75 928 202 1019 propter
218 926 374 997 residuas
394 925 470 993 illas
490 924 727 1010 dubitationes,
748 946 835 1015 quas
854 930 931 1017 ipsa
948 930 1081 1000 theore-

75 1048 180 1115 rratio
207 1026 370 1115 levissimi
393 1044 550 1111 momenti
577 1063 656 1114 esse
683 1049 833 1113 sumere
854 1047 926 1114 suis
947 1047 1080 1136 legibus

75 1146 152 1250 ihrr,
182 1164 366 1253 irrumpere
391 1161 583 1251 patiendum
608 1162 655 1229 sit
679 1165 848 1231 mnumera
873 1163 1081 1252 dehbucuta,

75 1276 105 1351 e¹
115 1272 321 1371 perimimus
335 1286 371 1351 et
388 1281 592 1350 necessariis
612 1280 749 1349 rationis
769 1284 940 1369 practicae
958 1280 1081 1353 finibus

75 1402 143 1469 nino
163 1398 389 1472 adversantur.
431 1396 551 1487 ltaque
571 1396 706 1467 dubium
724 1419 791 1466 non
812 1406 885 1485 est,
913 1402 994 1489 quin
1013 1403 1080 1471 im·
1183 1478 1187 1489 ¹

75 1524 132 1588 ret
149 1518 233 1589 ratio
251 1520 450 1608 practica
471 1520 546 1588 sive
565 1514 756 1603 moralis,
782 1523 821 1586 ut
840 1519 978 1589 missam
998 1522 1080 1591 laei-

75 1656 102 1703 rs
126 1636 317 1706 istiusmodi
337 1638 553 1722 sumtionem,
582 1640 618 1703 et
646 1636 844 1703 conuersum
870 1639 1081 1725 sententiam,

75 1756 176 1845 sipsi
204 1755 305 1821 etiam
324 1753 530 1824 theoreticae
557 1754 676 1821 rationi
702 1755 845 1823 maxime
871 1758 1081 1826 commenda·

93 1874 165 1941 sine
185 1856 253 1939 ulla
272 1870 495 1940 haesitatione
517 1875 622 1938 ratam
642 1870 838 1955 habeamus,
858 1871 925 1941 boc
947 1880 1021 1958 est,
1042 1882 1082 1942 ut

75 2010 125 2059 ns
148 1996 191 2059 et
208 1988 345 2057 libera
366 1990 619 2057 assensione
648 1988 866 2055 credamus
898 1990 1081 2079 prodigii

75 2124 129 2173 us
150 2126 312 2175 causam
340 2107 605 2174 efficientem
631 2125 709 2173 nou
730 2108 770 2171 in
790 2111 966 2174 naturae
986 2110 1080 2177 viri-

76 2224 287 2311 spositam
307 2224 462 2306 fuisse,
485 2220 559 2288 scd
579 2223 620 2289 in
640 2224 798 2290 virtute
819 2223 994 2312 quadam
1015 2248 1080 2295 su·

75 2340 283 2429 ruoturali,
314 2340 594 2430 quandoquidem,
622 2340 653 2405 si
672 2336 750 2406 talis
770 2342 889 2425 virtus,
911 2364 1020 2433 eaque
1040 2346 1079 2415 li.

75 2452 277 2529 hvoluutate
297 2467 416 2546 utens,
437 2458 590 2547 prodigia
611 2456 739 2542 effecit,
759 2458 839 2527 nihil
858 2462 1081 2547 proficiscitur

75 2580 123 2647 oni
145 2582 317 2669 practicae
347 2582 565 2663 contrarium,
595 2577 676 2645 nihil
696 2580 730 2645 in
751 2580 867 2646 ordine
886 2581 1002 2649 morab
1020 2588 1080 2653 im-

75 2704 159 2785 ator,
185 2699 251 2767 sed
278 2701 387 2766 omnia
413 2700 543 2784 integra
568 2702 711 2764 manent
754 2696 888 2775 Rursus
917 2700 1079 2774 habemus

76 2822 289 2895 sensionem
315 2837 378 2884 seu
403 2816 547 2899 fidem,
576 2836 663 2903 quoe
691 2836 758 2882 non
778 2817 812 2882 in
832 2820 1079 2911 perfectaper.

75 2936 179 3005 :ientia
199 2938 315 3005 nititur
329 2942 365 3003 et
377 2933 521 3022 physice
541 2935 736 3000 necessaria
758 2940 824 3017 est,
846 2935 909 3002 sed
930 2938 978 3003 ita
999 2955 1078 3004 con·

75 3058 116 3122 eta
136 3077 213 3124 cum
232 3055 404 3141 principiis
424 3051 618 3136 moralibus,
639 3056 678 3117 ut
697 3050 914 3119 moraliter
934 3073 1078 3121 ueces-

74 3173 118 3240 iu
146 3176 192 3242 sit
216 3174 358 3261 ideoque
380 3171 675 3240 certitudinem
701 3168 894 3239 moralem
914 3170 1077 3257 ufferwp
1130 3206 1133 3211 ·

87 3288 144 3360 Ex
163 3291 218 3359 bis
244 3293 310 3356 iam
336 3291 408 3357 lere
436 3288 575 3375 intelligi
600 3293 733 3374 potest,
764 3287 862 3376 quale
882 3288 1078 3358 Hennesius

75 3408 96 3473 ’i
128 3408 324 3477 miraculi
356 3409 576 3475 criterium
597 3412 733 3473 statuat.
775 3408 917 3473 Primum
938 3406 1004 3474 boe
1025 3429 1078 3475 re·

75 3520 157 3614 itur,
189 3535 227 3597 ut
254 3528 439 3616 prodigium
465 3525 612 3592 oblatum
640 3525 802 3592 eiusmodi
828 3528 889 3610 sit,
919 3532 959 3593 ut
979 3528 1079 3594 etiam

79 3648 354 3716 theoreticae
394 3646 574 3713 rationis
615 3645 841 3732 principiis
883 3643 1078 3711 videatur

75 3774 210 3836 setun
231 3788 326 3834 esse
348 3768 505 3833 virtute
527 3762 697 3851 quadam
722 3767 895 3828 naturae
915 3762 1076 3829 viribus
1158 3810 1162 3817 -

78 3889 154 3954 ori
197 3856 275 3953 Non
295 3887 395 3970 igitur
415 3881 600 3950 theoretica
627 3880 723 3964 ratio,
749 3878 855 3969 (quod
880 3878 986 3968 probe
1008 3883 1076 3949 ani·

75 4040 206 4063 Nan—-

75 4146 207 4213 Honesti
226 4156 374 4211 lutroduet.
394 4152 551 4225 Philotimi.
570 4154 594 4223 ξ.
614 4150 650 4205 81
668 4150 719 4207 sub
735 4149 846 4209 nrm.
883 4142 886 4149 ’

846 4253 875 4317 d
