2596 4778
186 470 258 541 que
278 450 367 519 ultro
393 448 644 539 firmissimeque
671 446 823 517 omnibus
843 448 930 519 Jesu
952 446 1076 521 caron
1095 452 1174 523 ella·

185 572 235 637 tis
257 568 462 637 credendum
483 592 561 639 osse
583 568 739 637 declarat

104 808 151 875 lta
173 806 385 873 Hermesius
428 805 580 875 lodicent
600 806 661 871 viri
682 810 838 893 expertos
860 810 896 871 et
915 808 1025 893 aequi,
1045 808 1177 877 sltoein

107 926 155 995 lis
177 922 336 993 omnibus
357 920 499 1009 aliquid,
531 921 623 1010 quod
648 922 921 991 Rationalismum
946 922 1001 991 vel
1027 924 1176 1015 l‘clagia·

107 1046 248 1113 mum
275 1043 395 1129 sapiat
438 1042 510 1107 Aut
530 1061 594 1127 ogo
614 1040 693 1108 nilril
713 1040 829 1125 video,
856 1046 915 1109 aut
941 1042 1056 1109 eudem
1077 1045 1179 1115 docet

111 1162 305 1251 Episcopus
319 1160 625 1249 argentoratensis,
647 1159 764 1229 carlom
785 1160 982 1249 approbavit
994 1157 1180 1251 supremus

115 1279 276 1347 ecelesiae
298 1276 483 1345 catlrolicae
503 1276 651 1347 Praesul.

189 1395 333 1465 Mirifice
359 1394 496 1463 offendit
515 1396 607 1479 Vos,
640 1398 697 1484 qui
725 1396 907 1463 accusandi
927 1402 1041 1485 partos
1063 1420 1180 1467 susce·

119 1518 223 1605 pistis,
260 1512 353 1601 quod
378 1510 572 1580 Hermesius
600 1512 790 1602 religionem
819 1512 1031 1583 christianam
1056 1522 1092 1584 et
1124 1538 1181 1585 ea-

123 1634 265 1703 tlolicam
287 1631 513 1699 demonstrare
534 1630 675 1700 instituit
696 1639 797 1721 utque
816 1632 881 1699 lrae
902 1632 1182 1703 demonstratione

74 1804 77 1809 .
126 1750 190 1821 ilud
209 1751 358 1834 efficere,
378 1754 418 1816 nt
437 1748 553 1817 clare
574 1749 867 1837 intelligamus.
910 1752 1028 1819 Visum
1050 1754 1181 1821 ostl’o-

129 1868 174 1939 l'u
188 1870 287 1939 talem
308 1864 556 1953 intelligentiam
578 1876 733 1937 constare
753 1868 842 1937 nullo
863 1868 962 1937 modo
983 1891 1087 1957 posse
1108 1892 1184 1938 cum

80 2082 83 2087 Ι
139 1986 286 2077 eo,qood
314 1986 485 2055 doctrinae
514 1984 713 2055 christianae
732 1991 941 2053 monumenta
963 1994 1129 2055 testantur
1149 1997 1195 2058 ct¹

71 2094 86 2131 ²⁵
145 2104 397 2189 dooetecolesin,
419 2104 517 2173 fidem
539 2104 681 2172 divinam
702 2124 781 2173 esse
802 2107 974 2188 virtutem,
1002 2126 1080 2173 esse
1100 2106 1183 2175 lilre·

77 2194 84 2307 f
134 2244 201 2309 ran,
224 2246 305 2295 esse
327 2224 448 2293 donum
470 2222 626 2291 divinitae
647 2224 793 2289 missum.
837 2222 955 2311 ltaque
975 2222 1040 2291 lroc
1061 2227 1184 2311 ponitis

60 2322 71 2448 l
130 2342 317 2429 darnart)

264 2578 361 2664 „Aut
380 2576 601 2667 intelligimus,
621 2582 767 2645 autnon
787 2574 1006 2665 intelligimus.

264 2696 308 2767 Si
329 2696 550 2784 intelligimus,
573 2698 758 2783 cogimur
778 2695 822 2761 ad
843 2694 1054 2779 credendum,
1075 2694 1110 2762 id
1131 2699 1186 2763 cst
1221 2758 1224 2763 .

193 2836 289 2885 eum
308 2814 490 2903 physica
510 2817 780 2883 necessitate
802 2814 977 2882 credimus.

264 2930 307 3001 Si
321 2954 388 3000 non
401 2931 625 3019 intelligimus,
646 2934 956 3001 inconstantiae
977 2935 1012 2997 ot
1032 2930 1184 2997 demen-

193 3051 283 3119 tiae
305 3048 400 3119 esact
421 3050 568 3119 credere.

263 3198 459 3290 Ergo....“

111 3376 320 3497 despondeo
342 3404 575 3493 retorquendo,
597 3410 632 3471 et
654 3422 698 3471 cx
718 3408 828 3469 mente
849 3400 1032 3469 Hermesii:

267 3574 340 3641 Aut
359 3572 569 3661 intelligimus
591 3572 773 3639 doctrinam
794 3571 947 3659 aliquam,
968 3590 1055 3657 quae
1077 3590 1116 3637 se
1137 3568 1186 3635 di-

194 3692 326 3761 vinitas
352 3692 507 3760 traditam
527 3690 717 3779 profitetur,
751 3688 911 3755 eiusmodi
939 3687 1187 3758 characteribus

110 3872 324 3889 w

150 3984 171 4049 ⁵)
193 3978 270 4031 Vide
293 3978 383 4029 locum
407 3994 489 4045 supra
510 3976 585 4047 (pag.
604 3974 656 4041 ⁰6)
677 3979 802 4027 citatum:
834 3974 1002 4035 „Errtwedcr
1030 3976 1112 4029 acheo
1134 3976 1187 4027 wir

198 4064 257 4128 ein,
278 4062 350 4115 dana
366 4066 473 4114 miesco
490 4063 541 4111 wir
559 4058 684 4129 glauben,
703 4063 768 4112 oder
784 4061 835 4111 wir
852 4058 931 4111 selrcn
949 4060 1025 4113 nicht
1042 4063 1096 4121 ein,
1114 4060 1184 4112 daun

199 4156 277 4201 wine
294 4166 323 4199 en
342 4147 538 4215 lneouscqueaz
556 4147 611 4198 und
629 4146 795 4199 Uarerataod
811 4164 845 4199 zu
862 4145 1010 4215 glaulreu.“
