<?xml version="1.0" encoding="UTF-8"?>
<!DOCTYPE html PUBLIC "-//W3C//DTD XHTML 1.0 Transitional//EN"
    "http://www.w3.org/TR/xhtml1/DTD/xhtml1-transitional.dtd">
<html xmlns="http://www.w3.org/1999/xhtml" xml:lang="en" lang="en">
 <head>
  <title>
</title>
<meta http-equiv="Content-Type" content="text/html;charset=utf-8" />
  <meta name='ocr-system' content='tesseract 3.04.00' />
  <meta name='ocr-capabilities' content='ocr_page ocr_carea ocr_par ocr_line ocrx_word'/>
</head>
<body>
  <div class='ocr_page' id='page_1' title='image "actahermesianaq00elvegoog_0149.png"; bbox 0 0 2514 4792; ppageno 0'>
   <div class='ocr_carea' id='block_1_1' title="bbox 667 292 745 360">
    <p class='ocr_par' dir='ltr' id='par_1_1' title="bbox 667 292 745 360">
     <span class='ocr_line' id='line_1_1' title="bbox 667 292 745 360; baseline 0.038 -3"><span class='ocrx_word' id='word_1_1' title='bbox 667 292 745 360; x_wconf 74' lang='lat'><strong>120</strong></span> 
     </span>
    </p>
   </div>
   <div class='ocr_carea' id='block_1_2' title="bbox 101 474 1256 3546">
    <p class='ocr_par' dir='ltr' id='par_1_2' title="bbox 101 474 1256 3546">
     <span class='ocr_line' id='line_1_2' title="bbox 254 474 1206 565; baseline -0.001 -17"><span class='ocrx_word' id='word_1_2' title='bbox 254 478 361 548; x_wconf 80' lang='lat' dir='ltr'><strong>Venio</strong></span> <span class='ocrx_word' id='word_1_3' title='bbox 383 475 426 544; x_wconf 92' lang='lat' dir='ltr'><strong>ad</strong></span> <span class='ocrx_word' id='word_1_4' title='bbox 448 474 586 543; x_wconf 82' lang='lat' dir='ltr'><strong>alterum</strong></span> <span class='ocrx_word' id='word_1_5' title='bbox 605 478 776 561; x_wconf 85' lang='lat' dir='ltr'><strong>motivum,</strong></span> <span class='ocrx_word' id='word_1_6' title='bbox 806 474 897 565; x_wconf 88' lang='lat' dir='ltr'><strong>quod</strong></span> <span class='ocrx_word' id='word_1_7' title='bbox 919 480 999 545; x_wconf 89' lang='lat' dir='ltr'><strong>item</strong></span> <span class='ocrx_word' id='word_1_8' title='bbox 1026 488 1206 549; x_wconf 80' lang='lat' dir='ltr'><strong>externum</strong></span> 
     </span>
     <span class='ocr_line' id='line_1_3' title="bbox 162 578 1208 690; baseline -0.003 -23"><span class='ocrx_word' id='word_1_9' title='bbox 162 606 242 685; x_wconf 80' lang='lat' dir='ltr'><strong>est,</strong></span> <span class='ocrx_word' id='word_1_10' title='bbox 264 606 300 668; x_wconf 89' lang='lat' dir='ltr'><strong>et</strong></span> <span class='ocrx_word' id='word_1_11' title='bbox 320 620 341 665; x_wconf 88' lang='lat' dir='ltr'><strong>a</strong></span> <span class='ocrx_word' id='word_1_12' title='bbox 359 578 528 686; x_wconf 82' lang='lat' dir='ltr'><strong>plerisque</strong></span> <span class='ocrx_word' id='word_1_13' title='bbox 550 592 749 690; x_wconf 79' lang='lat' dir='ltr'><strong>Theologis‚</strong></span> <span class='ocrx_word' id='word_1_14' title='bbox 769 598 837 675; x_wconf 84' lang='lat' dir='ltr'><strong>uisi</strong></span> <span class='ocrx_word' id='word_1_15' title='bbox 856 595 969 680; x_wconf 84' lang='lat' dir='ltr'><strong>fallor,</strong></span> <span class='ocrx_word' id='word_1_16' title='bbox 992 620 1096 668; x_wconf 86' lang='lat' dir='ltr'><strong>seusu</strong></span> <span class='ocrx_word' id='word_1_17' title='bbox 1114 604 1208 669; x_wconf 81' lang='lat' dir='ltr'><strong>stricti-</strong></span> 
     </span>
     <span class='ocr_line' id='line_1_4' title="bbox 170 712 1210 791; baseline -0.006 -3"><span class='ocrx_word' id='word_1_18' title='bbox 170 723 221 788; x_wconf 92' lang='lat' dir='ltr'><strong>ori</strong></span> <span class='ocrx_word' id='word_1_19' title='bbox 241 724 381 787; x_wconf 85' lang='lat' dir='ltr'><strong>vocatur</strong></span> <span class='ocrx_word' id='word_1_20' title='bbox 400 718 599 784; x_wconf 86' lang='lat' dir='ltr'><strong>motivum</strong></span> <span class='ocrx_word' id='word_1_21' title='bbox 626 712 734 791; x_wconf 81' lang='lat' dir='ltr'><strong>fidei</strong></span> <span class='ocrx_word' id='word_1_22' title='bbox 761 715 930 784; x_wconf 85' lang='lat' dir='ltr'><strong>divinae</strong></span> <span class='ocrx_word' id='word_1_23' title='bbox 959 738 1022 785; x_wconf 88' lang='lat' dir='ltr'><strong>seu</strong></span> <span class='ocrx_word' id='word_1_24' title='bbox 1048 722 1210 787; x_wconf 83' lang='lat' dir='ltr'><strong>motivum</strong></span> 
     </span>
     <span class='ocr_line' id='line_1_5' title="bbox 171 834 1211 921; baseline -0.003 -13"><span class='ocrx_word' id='word_1_25' title='bbox 171 836 480 921; x_wconf 86' lang='lat' dir='ltr'><strong>credibilitatis</strong></span> <span class='ocrx_word' id='word_1_26' title='bbox 513 835 730 917; x_wconf 80' lang='lat' dir='ltr'><strong>doctrinae</strong></span> <span class='ocrx_word' id='word_1_27' title='bbox 762 834 1030 905; x_wconf 79' lang='lat' dir='ltr'><strong>christianae.</strong></span> <span class='ocrx_word' id='word_1_28' title='bbox 1078 838 1149 905; x_wconf 90' lang='lat' dir='ltr'><strong>lloc</strong></span> <span class='ocrx_word' id='word_1_29' title='bbox 1170 860 1211 905; x_wconf 88' lang='lat' dir='ltr'><strong>au·</strong></span> 
     </span>
     <span class='ocr_line' id='line_1_6' title="bbox 168 952 1211 1047; baseline -0.003 -21"><span class='ocrx_word' id='word_1_30' title='bbox 168 964 238 1026; x_wconf 87' lang='lat' dir='ltr'><strong>tem</strong></span> <span class='ocrx_word' id='word_1_31' title='bbox 258 958 410 1047; x_wconf 87' lang='lat' dir='ltr'><strong>quamvis</strong></span> <span class='ocrx_word' id='word_1_32' title='bbox 431 956 573 1022; x_wconf 85' lang='lat' dir='ltr'><strong>maxime</strong></span> <span class='ocrx_word' id='word_1_33' title='bbox 601 952 781 1027; x_wconf 77' lang='lat' dir='ltr'><strong>cohaereat</strong></span> <span class='ocrx_word' id='word_1_34' title='bbox 808 976 886 1022; x_wconf 90' lang='lat' dir='ltr'><strong>cum</strong></span> <span class='ocrx_word' id='word_1_35' title='bbox 910 955 1016 1044; x_wconf 88' lang='lat' dir='ltr'><strong>primo</strong></span> <span class='ocrx_word' id='word_1_36' title='bbox 1039 978 1154 1044; x_wconf 81' lang='lat' dir='ltr'>genere</span> <span class='ocrx_word' id='word_1_37' title='bbox 1170 960 1211 1023; x_wconf 85' lang='lat' dir='ltr'><strong>de·</strong></span> 
     </span>
     <span class='ocr_line' id='line_1_7' title="bbox 168 1060 1212 1165; baseline -0.003 -21"><span class='ocrx_word' id='word_1_38' title='bbox 168 1092 236 1165; x_wconf 89' lang='lat' dir='ltr'><strong>que</strong></span> <span class='ocrx_word' id='word_1_39' title='bbox 256 1074 300 1143; x_wconf 83' lang='lat' dir='ltr'><strong>ab</strong></span> <span class='ocrx_word' id='word_1_40' title='bbox 323 1094 364 1143; x_wconf 91' lang='lat' dir='ltr'><strong>eo</strong></span> <span class='ocrx_word' id='word_1_41' title='bbox 380 1060 492 1147; x_wconf 87' lang='lat' dir='ltr'><strong>divelli</strong></span> <span class='ocrx_word' id='word_1_42' title='bbox 511 1076 634 1161; x_wconf 80' lang='lat' dir='ltr'><strong>possit,</strong></span> <span class='ocrx_word' id='word_1_43' title='bbox 655 1080 769 1151; x_wconf 80' lang='lat' dir='ltr'><strong>tamen</strong></span> <span class='ocrx_word' id='word_1_44' title='bbox 789 1094 857 1141; x_wconf 87' lang='lat' dir='ltr'><strong>uon</strong></span> <span class='ocrx_word' id='word_1_45' title='bbox 878 1080 933 1141; x_wconf 86' lang='lat' dir='ltr'><strong>est</strong></span> <span class='ocrx_word' id='word_1_46' title='bbox 953 1072 1052 1165; x_wconf 89' lang='lat' dir='ltr'><strong>plaue</strong></span> <span class='ocrx_word' id='word_1_47' title='bbox 1073 1076 1155 1144; x_wconf 89' lang='lat' dir='ltr'><strong>idem</strong></span> <span class='ocrx_word' id='word_1_48' title='bbox 1170 1076 1212 1142; x_wconf 89' lang='lat' dir='ltr'><strong>la-</strong></span> 
     </span>
     <span class='ocr_line' id='line_1_8' title="bbox 166 1168 1256 1298; baseline 0.002 -36"><span class='ocrx_word' id='word_1_49' title='bbox 166 1168 321 1262; x_wconf 79' lang='lat' dir='ltr'><strong>bendum.</strong></span> <span class='ocrx_word' id='word_1_50' title='bbox 364 1191 462 1263; x_wconf 81' lang='lat' dir='ltr'><strong>Satis</strong></span> <span class='ocrx_word' id='word_1_51' title='bbox 483 1200 612 1280; x_wconf 84' lang='lat' dir='ltr'><strong>aperte,</strong></span> <span class='ocrx_word' id='word_1_52' title='bbox 635 1192 671 1279; x_wconf 72' lang='lat' dir='ltr'><strong>qt</strong></span> <span class='ocrx_word' id='word_1_53' title='bbox 691 1188 859 1281; x_wconf 82' lang='lat' dir='ltr'><strong>qupmpdo</strong></span> <span class='ocrx_word' id='word_1_54' title='bbox 881 1195 1061 1277; x_wconf 82' lang='lat' dir='ltr'><strong>coniuncta</strong></span> <span class='ocrx_word' id='word_1_55' title='bbox 1075 1195 1212 1298; x_wconf 72' lang='lat' dir='ltr'><strong>siutlaec</strong></span> <span class='ocrx_word' id='word_1_56' title='bbox 1255 1224 1256 1264; x_wconf 63' lang='lat' dir='ltr'><strong>r</strong></span> 
     </span>
     <span class='ocr_line' id='line_1_9' title="bbox 101 1306 1256 1403; baseline -0.003 -21"><span class='ocrx_word' id='word_1_57' title='bbox 101 1306 105 1313; x_wconf 77' lang='grc'>’</span> <span class='ocrx_word' id='word_1_58' title='bbox 167 1314 233 1382; x_wconf 93' lang='lat' dir='ltr'><strong>duo</strong></span> <span class='ocrx_word' id='word_1_59' title='bbox 256 1328 390 1401; x_wconf 80' lang='lat' dir='ltr'><strong>genera,</strong></span> <span class='ocrx_word' id='word_1_60' title='bbox 412 1318 449 1385; x_wconf 78' lang='lat' dir='ltr'><strong>ct,</strong></span> <span class='ocrx_word' id='word_1_61' title='bbox 469 1311 639 1401; x_wconf 89' lang='lat' dir='ltr'><strong>quomodo</strong></span> <span class='ocrx_word' id='word_1_62' title='bbox 656 1330 757 1385; x_wconf 84' lang='lat' dir='ltr'><strong>unum</strong></span> <span class='ocrx_word' id='word_1_63' title='bbox 778 1308 822 1389; x_wconf 79' lang='lat' dir='ltr'><strong>ab</strong></span> <span class='ocrx_word' id='word_1_64' title='bbox 845 1310 950 1395; x_wconf 78' lang='lat' dir='ltr'><strong>altero</strong></span> <span class='ocrx_word' id='word_1_65' title='bbox 971 1310 1114 1399; x_wconf 83' lang='lat' dir='ltr'><strong>differat,</strong></span> <span class='ocrx_word' id='word_1_66' title='bbox 1140 1315 1212 1403; x_wconf 84' lang='lat' dir='ltr'><strong>pleri·</strong></span> <span class='ocrx_word' id='word_1_67' title='bbox 1254 1320 1256 1361; x_wconf 83' lang='grc' dir='ltr'><strong><em>ῑ</em></strong></span> 
     </span>
     <span class='ocr_line' id='line_1_10' title="bbox 166 1424 1256 1532; baseline -0.003 -33"><span class='ocrx_word' id='word_1_68' title='bbox 166 1454 233 1520; x_wconf 93' lang='lat' dir='ltr'><strong>que</strong></span> <span class='ocrx_word' id='word_1_69' title='bbox 254 1432 408 1499; x_wconf 85' lang='lat' dir='ltr'><strong>iudicant</strong></span> <span class='ocrx_word' id='word_1_70' title='bbox 423 1424 501 1517; x_wconf 69' lang='lat' dir='ltr'><strong>lippi,</strong></span> <span class='ocrx_word' id='word_1_71' title='bbox 523 1450 611 1519; x_wconf 86' lang='lat' dir='ltr'><strong>quos</strong></span> <span class='ocrx_word' id='word_1_72' title='bbox 632 1452 706 1532; x_wconf 74' lang='lat' dir='ltr'><strong>pap.</strong></span> <span class='ocrx_word' id='word_1_73' title='bbox 722 1430 801 1527; x_wconf 67' lang='lat' dir='ltr'><strong>vlit</strong></span> <span class='ocrx_word' id='word_1_74' title='bbox 822 1452 867 1501; x_wconf 76' lang='lat' dir='ltr'><strong>ex</strong></span> <span class='ocrx_word' id='word_1_75' title='bbox 887 1432 1063 1521; x_wconf 81' lang='lat' dir='ltr'><strong>praeclara</strong></span> <span class='ocrx_word' id='word_1_76' title='bbox 1076 1432 1213 1523; x_wconf 79' lang='lat' dir='ltr'><strong>Episcopi</strong></span> <span class='ocrx_word' id='word_1_77' title='bbox 1254 1440 1256 1479; x_wconf 62' lang='lat' dir='ltr'><strong>i</strong></span> 
     </span>
     <span class='ocr_line' id='line_1_11' title="bbox 165 1546 1256 1651; baseline -0.001 -34"><span class='ocrx_word' id='word_1_78' title='bbox 165 1549 465 1645; x_wconf 70' lang='lat' dir='ltr'><strong>Argentorateusis</strong></span> <span class='ocrx_word' id='word_1_79' title='bbox 493 1546 664 1651; x_wconf 20' lang='lat' dir='ltr'><strong>,Epis-tola¹</strong></span> <span class='ocrx_word' id='word_1_80' title='bbox 682 1550 861 1634; x_wconf 79' lang='lat' dir='ltr'><strong>attul’uaus.</strong></span> <span class='ocrx_word' id='word_1_81' title='bbox 904 1549 1018 1633; x_wconf 66' lang='lat' dir='ltr'><strong>Veluti</strong></span> <span class='ocrx_word' id='word_1_82' title='bbox 1046 1551 1153 1638; x_wconf 80' lang='lat' dir='ltr'><strong>loeus,</strong></span> <span class='ocrx_word' id='word_1_83' title='bbox 1173 1550 1213 1641; x_wconf 87' lang='lat' dir='ltr'><strong>qui</strong></span> <span class='ocrx_word' id='word_1_84' title='bbox 1253 1564 1256 1600; x_wconf 61' lang='lat'>³</span> 
     </span>
     <span class='ocr_line' id='line_1_12' title="bbox 165 1648 1256 1762; baseline 0.003 -28"><span class='ocrx_word' id='word_1_85' title='bbox 165 1666 244 1735; x_wconf 92' lang='lat' dir='ltr'><strong>huic</strong></span> <span class='ocrx_word' id='word_1_86' title='bbox 271 1665 375 1759; x_wconf 74' lang='lat' dir='ltr'><strong>capiti</strong></span> <span class='ocrx_word' id='word_1_87' title='bbox 400 1666 571 1759; x_wconf 74' lang='lat' dir='ltr'><strong>praefixus</strong></span> <span class='ocrx_word' id='word_1_88' title='bbox 594 1648 663 1749; x_wconf 79' lang='lat' dir='ltr'><strong>est¹</strong></span> <span class='ocrx_word' id='word_1_89' title='bbox 701 1669 853 1759; x_wconf 85' lang='lat' dir='ltr'><strong>Itemque</strong></span> <span class='ocrx_word' id='word_1_90' title='bbox 874 1664 941 1762; x_wconf 66' lang='lat' dir='ltr'><strong>illq</strong></span> <span class='ocrx_word' id='word_1_91' title='bbox 962 1692 1063 1761; x_wconf 85' lang='lat' dir='ltr'><strong>quem</strong></span> <span class='ocrx_word' id='word_1_92' title='bbox 1086 1695 1130 1741; x_wconf 87' lang='lat' dir='ltr'><strong>ex</strong></span> <span class='ocrx_word' id='word_1_93' title='bbox 1148 1672 1212 1740; x_wconf 81' lang='lat' dir='ltr'><strong>(iae</strong></span> <span class='ocrx_word' id='word_1_94' title='bbox 1253 1678 1256 1719; x_wconf 60' lang='grc' dir='ltr'><strong>ἑ</strong></span> 
     </span>
     <span class='ocr_line' id='line_1_13' title="bbox 163 1784 1256 1889; baseline -0.001 -33"><span class='ocrx_word' id='word_1_95' title='bbox 163 1790 379 1889; x_wconf 27' lang='lat' dir='ltr'><strong>tio&#39;sumtum</strong></span> <span class='ocrx_word' id='word_1_96' title='bbox 399 1786 595 1877; x_wconf 71' lang='lat' dir='ltr'><strong>Episcopus</strong></span> <span class='ocrx_word' id='word_1_97' title='bbox 616 1784 746 1874; x_wconf 73' lang='lat' dir='ltr'><strong>lpudata</strong></span> <span class='ocrx_word' id='word_1_98' title='bbox 790 1788 951 1873; x_wconf 84' lang='lat' dir='ltr'><strong>„Recta</strong></span> <span class='ocrx_word' id='word_1_99' title='bbox 984 1794 1095 1874; x_wconf 85' lang='lat' dir='ltr'><strong>ratio</strong></span> <span class='ocrx_word' id='word_1_100' title='bbox 1124 1791 1213 1861; x_wconf 82' lang='lat' dir='ltr'><strong>&#39;ducit</strong></span> <span class='ocrx_word' id='word_1_101' title='bbox 1253 1795 1256 1804; x_wconf 88' lang='lat'>&#39;</span> 
     </span>
     <span class='ocr_line' id='line_1_14' title="bbox 164 1886 1256 2005; baseline -0.001 -29"><span class='ocrx_word' id='word_1_102' title='bbox 164 1908 213 1977; x_wconf 84' lang='lat' dir='ltr'><strong>ad</strong></span> <span class='ocrx_word' id='word_1_103' title='bbox 235 1886 559 1993; x_wconf 76' lang='lat' dir='ltr'><strong>revelationem,</strong></span> <span class='ocrx_word' id='word_1_104' title='bbox 592 1908 718 2005; x_wconf 77' lang='lat' dir='ltr'><strong>cuiup</strong></span> <span class='ocrx_word' id='word_1_105' title='bbox 746 1912 789 1975; x_wconf 87' lang='lat' dir='ltr'><strong>et</strong></span> <span class='ocrx_word' id='word_1_106' title='bbox 816 1910 1121 1993; x_wconf 76' lang='lat' dir='ltr'><strong>ueceqsitatem</strong></span> <span class='ocrx_word' id='word_1_107' title='bbox 1144 1930 1213 1999; x_wconf 79' lang='lat' dir='ltr'><strong>apo</strong></span> <span class='ocrx_word' id='word_1_108' title='bbox 1253 1916 1256 1947; x_wconf 75' lang='lat'><strong>²</strong></span> 
     </span>
     <span class='ocr_line' id='line_1_15' title="bbox 164 2002 1256 2125; baseline -0.006 -28"><span class='ocrx_word' id='word_1_109' title='bbox 164 2032 219 2097; x_wconf 92' lang='lat' dir='ltr'><strong>rit</strong></span> <span class='ocrx_word' id='word_1_110' title='bbox 253 2028 642 2125; x_wconf 68' lang='lat' dir='ltr'><strong>etcertituqlitltm·</strong></span> <span class='ocrx_word' id='word_1_111' title='bbox 705 2022 832 2117; x_wconf 81' lang='lat' dir='ltr'><strong>Ratio</strong></span> <span class='ocrx_word' id='word_1_112' title='bbox 875 2002 1078 2101; x_wconf 86' lang='lat' dir='ltr'><strong>hominem</strong></span> <span class='ocrx_word' id='word_1_113' title='bbox 1119 2026 1212 2119; x_wconf 88' lang='lat' dir='ltr'><strong>quasi</strong></span> <span class='ocrx_word' id='word_1_114' title='bbox 1252 2009 1256 2073; x_wconf 81' lang='grc' dir='ltr'>Ι</span> 
     </span>
     <span class='ocr_line' id='line_1_16' title="bbox 163 2124 1256 2242; baseline -0.004 -25"><span class='ocrx_word' id='word_1_115' title='bbox 163 2168 285 2217; x_wconf 87' lang='lat' dir='ltr'><strong>manu</strong></span> <span class='ocrx_word' id='word_1_116' title='bbox 305 2130 587 2242; x_wconf 78' lang='lat' dir='ltr'><strong>apprehendit</strong></span> <span class='ocrx_word' id='word_1_117' title='bbox 607 2124 783 2235; x_wconf 83' lang='lat' dir='ltr'><strong>eumque</strong></span> <span class='ocrx_word' id='word_1_118' title='bbox 805 2126 1039 2217; x_wconf 86' lang='lat' dir='ltr'><strong>introducit</strong></span> <span class='ocrx_word' id='word_1_119' title='bbox 1059 2150 1101 2217; x_wconf 89' lang='lat' dir='ltr'><strong>iu</strong></span> <span class='ocrx_word' id='word_1_120' title='bbox 1120 2165 1211 2217; x_wconf 85' lang='lat' dir='ltr'><strong>saue</strong></span> <span class='ocrx_word' id='word_1_121' title='bbox 1251 2144 1256 2193; x_wconf 75' lang='lat' dir='ltr'><strong>t</strong></span> 
     </span>
     <span class='ocr_line' id='line_1_17' title="bbox 162 2254 1256 2354; baseline -0.005 -18"><span class='ocrx_word' id='word_1_122' title='bbox 162 2266 356 2351; x_wconf 70' lang='lat' dir='ltr'><strong>marium,</strong></span> <span class='ocrx_word' id='word_1_123' title='bbox 378 2268 469 2354; x_wconf 88' lang='lat' dir='ltr'><strong>ipsa</strong></span> <span class='ocrx_word' id='word_1_124' title='bbox 491 2284 591 2334; x_wconf 87' lang='lat' dir='ltr'><strong>sese</strong></span> <span class='ocrx_word' id='word_1_125' title='bbox 613 2268 802 2335; x_wconf 85' lang='lat' dir='ltr'><strong>retinens</strong></span> <span class='ocrx_word' id='word_1_126' title='bbox 824 2264 865 2333; x_wconf 91' lang='lat' dir='ltr'><strong>iu</strong></span> <span class='ocrx_word' id='word_1_127' title='bbox 884 2262 1118 2337; x_wconf 83' lang='lat' dir='ltr'><strong>vestibulo.</strong></span> <span class='ocrx_word' id='word_1_128' title='bbox 1156 2268 1211 2336; x_wconf 81' lang='lat' dir='ltr'><strong>Ilo</strong></span> <span class='ocrx_word' id='word_1_129' title='bbox 1250 2254 1256 2315; x_wconf 69' lang='lat' dir='ltr'><strong>l</strong></span> 
     </span>
     <span class='ocr_line' id='line_1_18' title="bbox 163 2384 1256 2477; baseline -0.004 -24"><span class='ocrx_word' id='word_1_130' title='bbox 163 2409 321 2475; x_wconf 75' lang='lat' dir='ltr'><strong>qusque</strong></span> <span class='ocrx_word' id='word_1_131' title='bbox 342 2388 449 2454; x_wconf 85' lang='lat' dir='ltr'><strong>ratio</strong></span> <span class='ocrx_word' id='word_1_132' title='bbox 472 2387 512 2455; x_wconf 90' lang='lat' dir='ltr'><strong>ei</strong></span> <span class='ocrx_word' id='word_1_133' title='bbox 532 2384 737 2474; x_wconf 86' lang='lat' dir='ltr'><strong>loquitur:</strong></span> <span class='ocrx_word' id='word_1_134' title='bbox 758 2385 983 2477; x_wconf 73' lang='lat' dir='ltr'><strong>postquam</strong></span> <span class='ocrx_word' id='word_1_135' title='bbox 1003 2392 1140 2463; x_wconf 76' lang='lat' dir='ltr'><strong>autem</strong></span> <span class='ocrx_word' id='word_1_136' title='bbox 1157 2395 1211 2454; x_wconf 79' lang='lat' dir='ltr'><strong>tre</strong></span> <span class='ocrx_word' id='word_1_137' title='bbox 1250 2392 1256 2434; x_wconf 86' lang='lat'><strong>¹</strong></span> 
     </span>
     <span class='ocr_line' id='line_1_19' title="bbox 162 2502 1255 2593; baseline -0.005 -19"><span class='ocrx_word' id='word_1_138' title='bbox 162 2507 270 2576; x_wconf 84' lang='lat' dir='ltr'><strong>didit</strong></span> <span class='ocrx_word' id='word_1_139' title='bbox 291 2526 380 2575; x_wconf 82' lang='lat' dir='ltr'><strong>cum</strong></span> <span class='ocrx_word' id='word_1_140' title='bbox 401 2502 616 2593; x_wconf 79' lang='lat' dir='ltr'><strong>religioni,</strong></span> <span class='ocrx_word' id='word_1_141' title='bbox 644 2502 738 2590; x_wconf 89' lang='lat' dir='ltr'><strong>ipsa</strong></span> <span class='ocrx_word' id='word_1_142' title='bbox 759 2506 1045 2575; x_wconf 83' lang='lat' dir='ltr'><strong>tautummodo</strong></span> <span class='ocrx_word' id='word_1_143' title='bbox 1067 2508 1210 2575; x_wconf 87' lang='lat' dir='ltr'><strong>admira·</strong></span> <span class='ocrx_word' id='word_1_144' title='bbox 1252 2548 1255 2553; x_wconf 89' lang='lat'>-</span> 
     </span>
     <span class='ocr_line' id='line_1_20' title="bbox 161 2621 1255 2713; baseline -0.005 -21"><span class='ocrx_word' id='word_1_145' title='bbox 161 2630 227 2693; x_wconf 89' lang='lat' dir='ltr'><strong>tur</strong></span> <span class='ocrx_word' id='word_1_146' title='bbox 248 2628 480 2711; x_wconf 78' lang='lat' dir='ltr'><strong>servatque</strong></span> <span class='ocrx_word' id='word_1_147' title='bbox 502 2621 728 2713; x_wconf 68' lang='lat' dir='ltr'><strong>silentium</strong></span> <span class='ocrx_word' id='word_1_148' title='bbox 771 2623 898 2707; x_wconf 83' lang='lat' dir='ltr'><strong>Audi,</strong></span> <span class='ocrx_word' id='word_1_149' title='bbox 919 2626 1060 2713; x_wconf 88' lang='lat' dir='ltr'><strong>iuquit</strong></span> <span class='ocrx_word' id='word_1_150' title='bbox 1082 2624 1138 2713; x_wconf 85' lang='lat' dir='ltr'><strong>e&#39;i,</strong></span> <span class='ocrx_word' id='word_1_151' title='bbox 1156 2624 1211 2693; x_wconf 80' lang='lat' dir='ltr'><strong>lla</strong></span> <span class='ocrx_word' id='word_1_152' title='bbox 1251 2630 1255 2639; x_wconf 83' lang='grc'><strong>’</strong></span> 
     </span>
     <span class='ocr_line' id='line_1_21' title="bbox 161 2718 1256 2839; baseline 0.001 -28"><span class='ocrx_word' id='word_1_153' title='bbox 161 2747 339 2839; x_wconf 80' lang='lat' dir='ltr'><strong>gistrum</strong></span> <span class='ocrx_word' id='word_1_154' title='bbox 359 2718 417 2833; x_wconf 72' lang='lat' dir='ltr'><strong>ipe</strong></span> <span class='ocrx_word' id='word_1_155' title='bbox 440 2744 711 2828; x_wconf 73' lang='lat' dir='ltr'><strong>superiorem,</strong></span> <span class='ocrx_word' id='word_1_156' title='bbox 733 2764 850 2837; x_wconf 73' lang='lat' dir='ltr'><strong>quelq</strong></span> <span class='ocrx_word' id='word_1_157' title='bbox 870 2748 915 2825; x_wconf 80' lang='lat' dir='ltr'><strong>ut</strong></span> <span class='ocrx_word' id='word_1_158' title='bbox 936 2744 1087 2815; x_wconf 83' lang='lat' dir='ltr'><strong>audias</strong></span> <span class='ocrx_word' id='word_1_159' title='bbox 1108 2762 1211 2823; x_wconf 78' lang='lat' dir='ltr'><strong>unuu,</strong></span> <span class='ocrx_word' id='word_1_160' title='bbox 1248 2726 1256 2793; x_wconf 59' lang='lat' dir='ltr'><strong>l</strong></span> 
     </span>
     <span class='ocr_line' id='line_1_22' title="bbox 158 2832 1256 2952; baseline -0.005 -23"><span class='ocrx_word' id='word_1_161' title='bbox 158 2883 294 2952; x_wconf 80' lang='lat' dir='ltr'><strong>neque</strong></span> <span class='ocrx_word' id='word_1_162' title='bbox 328 2882 394 2951; x_wconf 26' lang='lat' dir='ltr'><strong>mc·</strong></span> <span class='ocrx_word' id='word_1_163' title='bbox 418 2832 610 2951; x_wconf 75' lang='lat' dir='ltr'><strong>amplius,</strong></span> <span class='ocrx_word' id='word_1_164' title='bbox 640 2860 861 2947; x_wconf 68' lang='lat' dir='ltr'><strong>con-sulas,</strong></span> <span class='ocrx_word' id='word_1_165' title='bbox 898 2857 948 2929; x_wconf 90' lang='lat' dir='ltr'><strong>ad</strong></span> <span class='ocrx_word' id='word_1_166' title='bbox 979 2870 1211 2951; x_wconf 77' lang='lat' dir='ltr'><strong>postremum</strong></span> <span class='ocrx_word' id='word_1_167' title='bbox 1252 2868 1256 2907; x_wconf 73' lang='grc' dir='ltr'><strong>ῑ</strong></span> 
     </span>
     <span class='ocr_line' id='line_1_23' title="bbox 158 2953 1256 3069; baseline -0.006 -19"><span class='ocrx_word' id='word_1_168' title='bbox 158 2979 240 3050; x_wconf 85' lang='lat' dir='ltr'><strong>tihi</strong></span> <span class='ocrx_word' id='word_1_169' title='bbox 258 2953 523 3069; x_wconf 75' lang='lat' dir='ltr'><strong>praescribet</strong></span> <span class='ocrx_word' id='word_1_170' title='bbox 550 2982 609 3049; x_wconf 87' lang='lat' dir='ltr'><strong>ita</strong></span> <span class='ocrx_word' id='word_1_171' title='bbox 629 2981 683 3047; x_wconf 85' lang='lat' dir='ltr'><strong>fit</strong></span> <span class='ocrx_word' id='word_1_172' title='bbox 703 2999 790 3045; x_wconf 91' lang='lat' dir='ltr'><strong>meo</strong></span> <span class='ocrx_word' id='word_1_173' title='bbox 810 2980 950 3063; x_wconf 85' lang='lat' dir='ltr'><strong>iussu,</strong></span> <span class='ocrx_word' id='word_1_174' title='bbox 977 2984 1023 3045; x_wconf 88' lang='lat' dir='ltr'><strong>ut</strong></span> <span class='ocrx_word' id='word_1_175' title='bbox 1043 3002 1104 3048; x_wconf 91' lang='lat' dir='ltr'><strong>me</strong></span> <span class='ocrx_word' id='word_1_176' title='bbox 1125 2982 1210 3049; x_wconf 84' lang='lat' dir='ltr'><strong>dero·</strong></span> <span class='ocrx_word' id='word_1_177' title='bbox 1252 2987 1256 3028; x_wconf 77' lang='lat'><em>¹</em></span> 
     </span>
     <span class='ocr_line' id='line_1_24' title="bbox 157 3078 1256 3189; baseline -0.003 -23"><span class='ocrx_word' id='word_1_178' title='bbox 157 3098 344 3189; x_wconf 84' lang='lat' dir='ltr'><strong>linquas,</strong></span> <span class='ocrx_word' id='word_1_179' title='bbox 373 3106 414 3169; x_wconf 87' lang='lat' dir='ltr'><strong>et</strong></span> <span class='ocrx_word' id='word_1_180' title='bbox 434 3120 520 3173; x_wconf 83' lang='lat' dir='ltr'><strong>mea</strong></span> <span class='ocrx_word' id='word_1_181' title='bbox 541 3098 615 3179; x_wconf 73' lang='lat' dir='ltr'><strong>lux</strong></span> <span class='ocrx_word' id='word_1_182' title='bbox 636 3105 719 3183; x_wconf 84' lang='lat' dir='ltr'><strong>est,</strong></span> <span class='ocrx_word' id='word_1_183' title='bbox 749 3118 855 3187; x_wconf 82' lang='lat' dir='ltr'><strong>quae</strong></span> <span class='ocrx_word' id='word_1_184' title='bbox 883 3098 933 3165; x_wconf 84' lang='lat' dir='ltr'><strong>ad</strong></span> <span class='ocrx_word' id='word_1_185' title='bbox 960 3098 1085 3167; x_wconf 87' lang='lat' dir='ltr'><strong>aliam</strong></span> <span class='ocrx_word' id='word_1_186' title='bbox 1107 3108 1148 3169; x_wconf 92' lang='lat' dir='ltr'><strong>te</strong></span> <span class='ocrx_word' id='word_1_187' title='bbox 1167 3100 1211 3167; x_wconf 80' lang='lat' dir='ltr'><strong>du</strong></span> <span class='ocrx_word' id='word_1_188' title='bbox 1247 3078 1256 3145; x_wconf 72' lang='lat' dir='ltr'><strong>l</strong></span> 
     </span>
     <span class='ocr_line' id='line_1_25' title="bbox 159 3196 1256 3317; baseline -0.004 -30"><span class='ocrx_word' id='word_1_189' title='bbox 159 3222 228 3289; x_wconf 83' lang='lat' dir='ltr'><strong>cit.</strong></span> <span class='ocrx_word' id='word_1_190' title='bbox 271 3217 478 3317; x_wconf 77' lang='lat' dir='ltr'><strong>Equidem</strong></span> <span class='ocrx_word' id='word_1_191' title='bbox 504 3196 686 3302; x_wconf 78' lang='lat' dir='ltr'><strong>ipsest,</strong></span> <span class='ocrx_word' id='word_1_192' title='bbox 718 3218 934 3303; x_wconf 83' lang='lat' dir='ltr'><strong>utsciam,</strong></span> <span class='ocrx_word' id='word_1_193' title='bbox 969 3221 1210 3290; x_wconf 73' lang='lat' dir='ltr'><strong>sitneneuo</strong></span> <span class='ocrx_word' id='word_1_194' title='bbox 1249 3198 1256 3261; x_wconf 77' lang='lat' dir='ltr'><strong>l</strong></span> 
     </span>
     <span class='ocr_line' id='line_1_26' title="bbox 157 3334 1256 3429; baseline -0.005 -24"><span class='ocrx_word' id='word_1_195' title='bbox 157 3334 453 3429; x_wconf 82' lang='lat' dir='ltr'><strong>quisuapobis</strong></span> <span class='ocrx_word' id='word_1_196' title='bbox 474 3338 640 3411; x_wconf 87' lang='lat' dir='ltr'><strong>revelet</strong></span> <span class='ocrx_word' id='word_1_197' title='bbox 661 3335 845 3427; x_wconf 36' lang='lat' dir='ltr'><strong>con-silio</strong></span> <span class='ocrx_word' id='word_1_198' title='bbox 867 3342 993 3425; x_wconf 85' lang='lat' dir='ltr'><strong>atque</strong></span> <span class='ocrx_word' id='word_1_199' title='bbox 1015 3340 1211 3427; x_wconf 73' lang='lat' dir='ltr'><strong>mysterio</strong></span> <span class='ocrx_word' id='word_1_200' title='bbox 1251 3340 1256 3384; x_wconf 76' lang='lat'>¹</span> 
     </span>
     <span class='ocr_line' id='line_1_27' title="bbox 158 3455 1213 3546; baseline 0.001 -22"><span class='ocrx_word' id='word_1_201' title='bbox 158 3463 200 3524; x_wconf 89' lang='lat' dir='ltr'><strong>at</strong></span> <span class='ocrx_word' id='word_1_202' title='bbox 228 3460 455 3546; x_wconf 87' lang='lat' dir='ltr'><strong>penetrare</strong></span> <span class='ocrx_word' id='word_1_203' title='bbox 485 3465 527 3528; x_wconf 87' lang='lat' dir='ltr'><strong>et</strong></span> <span class='ocrx_word' id='word_1_204' title='bbox 559 3455 913 3545; x_wconf 85' lang='lat' dir='ltr'><strong>comprehendere</strong></span> <span class='ocrx_word' id='word_1_205' title='bbox 945 3458 1080 3526; x_wconf 84' lang='lat' dir='ltr'><strong>omnia</strong></span> <span class='ocrx_word' id='word_1_206' title='bbox 1110 3457 1213 3537; x_wconf 79' lang='lat' dir='ltr'><strong>velle,</strong></span> 
     </span>
    </p>
   </div>
   <div class='ocr_carea' id='block_1_3' title="bbox 57 3575 1256 4265">
    <p class='ocr_par' dir='ltr' id='par_1_3' title="bbox 57 3575 1256 4265">
     <span class='ocr_line' id='line_1_28' title="bbox 158 3575 1215 3665; baseline 0 -20"><span class='ocrx_word' id='word_1_207' title='bbox 158 3597 263 3665; x_wconf 90' lang='lat' dir='ltr'><strong>quae</strong></span> <span class='ocrx_word' id='word_1_208' title='bbox 294 3576 418 3645; x_wconf 86' lang='lat' dir='ltr'><strong>nobis</strong></span> <span class='ocrx_word' id='word_1_209' title='bbox 449 3576 630 3661; x_wconf 87' lang='lat' dir='ltr'><strong>revelat,</strong></span> <span class='ocrx_word' id='word_1_210' title='bbox 666 3575 861 3643; x_wconf 87' lang='lat' dir='ltr'><strong>insaniae</strong></span> <span class='ocrx_word' id='word_1_211' title='bbox 893 3578 1010 3645; x_wconf 85' lang='lat' dir='ltr'><strong>foret</strong></span> <span class='ocrx_word' id='word_1_212' title='bbox 1022 3624 1097 3644; x_wconf 90' lang='grc'><strong>.....</strong></span> <span class='ocrx_word' id='word_1_213' title='bbox 1151 3575 1215 3647; x_wconf 74' lang='lat' dir='ltr'><strong>(lm</strong></span> 
     </span>
     <span class='ocr_line' id='line_1_29' title="bbox 156 3670 1220 3785; baseline 0.003 -23"><span class='ocrx_word' id='word_1_214' title='bbox 156 3700 252 3763; x_wconf 86' lang='lat' dir='ltr'><strong>uiuo</strong></span> <span class='ocrx_word' id='word_1_215' title='bbox 280 3699 377 3767; x_wconf 82' lang='lat' dir='ltr'><strong>aute</strong></span> <span class='ocrx_word' id='word_1_216' title='bbox 406 3696 540 3768; x_wconf 78' lang='lat' dir='ltr'><strong>omnia</strong></span> <span class='ocrx_word' id='word_1_217' title='bbox 574 3670 682 3769; x_wconf 79' lang='lat' dir='ltr'><strong>ratio</strong></span> <span class='ocrx_word' id='word_1_218' title='bbox 721 3699 910 3785; x_wconf 77' lang='lat' dir='ltr'><strong>exquirit</strong></span> <span class='ocrx_word' id='word_1_219' title='bbox 941 3695 1220 3785; x_wconf 76' lang='lat' dir='ltr'><strong>certitudinem</strong></span> 
     </span>
     <span class='ocr_line' id='line_1_30' title="bbox 97 3790 1222 3899; baseline 0.005 -18"><span class='ocrx_word' id='word_1_220' title='bbox 97 3877 101 3881; x_wconf 86' lang='lat'>.</span> <span class='ocrx_word' id='word_1_221' title='bbox 157 3812 450 3883; x_wconf 79' lang='lat' dir='ltr'><strong>revelationis</strong></span> <span class='ocrx_word' id='word_1_222' title='bbox 493 3817 644 3887; x_wconf 78' lang='lat' dir='ltr'><strong>Parata</strong></span> <span class='ocrx_word' id='word_1_223' title='bbox 673 3822 742 3883; x_wconf 87' lang='lat' dir='ltr'><strong>est</strong></span> <span class='ocrx_word' id='word_1_224' title='bbox 770 3816 947 3885; x_wconf 88' lang='lat' dir='ltr'><strong>enimse</strong></span> <span class='ocrx_word' id='word_1_225' title='bbox 976 3790 1222 3899; x_wconf 78' lang='lat' dir='ltr'><strong>obcaecare,</strong></span> 
     </span>
     <span class='ocr_line' id='line_1_31' title="bbox 57 3916 1224 4024; baseline 0.003 -23"><span class='ocrx_word' id='word_1_226' title='bbox 57 3956 61 3977; x_wconf 78' lang='lat'>²</span> <span class='ocrx_word' id='word_1_227' title='bbox 156 3934 231 4003; x_wconf 88' lang='lat' dir='ltr'><strong>sed</strong></span> <span class='ocrx_word' id='word_1_228' title='bbox 253 3933 336 4001; x_wconf 89' lang='lat' dir='ltr'><strong>soli</strong></span> <span class='ocrx_word' id='word_1_229' title='bbox 355 3916 463 4019; x_wconf 82' lang='lat' dir='ltr'><strong>Deo,-</strong></span> <span class='ocrx_word' id='word_1_230' title='bbox 484 3932 699 4024; x_wconf 81' lang='lat' dir='ltr'><strong>facileque</strong></span> <span class='ocrx_word' id='word_1_231' title='bbox 721 3934 883 4024; x_wconf 85' lang='lat' dir='ltr'><strong>patitur</strong></span> <span class='ocrx_word' id='word_1_232' title='bbox 904 3957 979 4003; x_wconf 84' lang='lat' dir='ltr'><strong>sua</strong></span> <span class='ocrx_word' id='word_1_233' title='bbox 999 3935 1157 4008; x_wconf 87' lang='lat' dir='ltr'><strong>lumina</strong></span> <span class='ocrx_word' id='word_1_234' title='bbox 1177 3960 1224 4008; x_wconf 87' lang='lat' dir='ltr'><strong>sa·</strong></span> 
     </span>
     <span class='ocr_line' id='line_1_32' title="bbox 157 4040 1256 4144; baseline 0.006 -23"><span class='ocrx_word' id='word_1_235' title='bbox 157 4040 368 4138; x_wconf 81' lang='lat' dir='ltr'><strong>cril&#39;icari,</strong></span> <span class='ocrx_word' id='word_1_236' title='bbox 396 4054 471 4120; x_wconf 89' lang='lat' dir='ltr'><strong>sed</strong></span> <span class='ocrx_word' id='word_1_237' title='bbox 492 4052 556 4121; x_wconf 94' lang='lat' dir='ltr'><strong>illi</strong></span> <span class='ocrx_word' id='word_1_238' title='bbox 577 4060 753 4139; x_wconf 84' lang='lat' dir='ltr'><strong>tautum,</strong></span> <span class='ocrx_word' id='word_1_239' title='bbox 781 4057 849 4123; x_wconf 87' lang='lat' dir='ltr'><strong>cui</strong></span> <span class='ocrx_word' id='word_1_240' title='bbox 870 4061 1050 4144; x_wconf 87' lang='lat' dir='ltr'><strong>accepta</strong></span> <span class='ocrx_word' id='word_1_241' title='bbox 1072 4058 1226 4127; x_wconf 80' lang='lat' dir='ltr'><strong>refert“</strong></span> <span class='ocrx_word' id='word_1_242' title='bbox 1254 4106 1256 4117; x_wconf 85' lang='lat'>·</span> 
     </span>
     <span class='ocr_line' id='line_1_33' title="bbox 154 4170 1229 4265; baseline 0.007 -26"><span class='ocrx_word' id='word_1_243' title='bbox 154 4171 248 4241; x_wconf 90' lang='lat' dir='ltr'><strong>Idem</strong></span> <span class='ocrx_word' id='word_1_244' title='bbox 267 4170 465 4262; x_wconf 77' lang='lat' dir='ltr'><strong>Episcopus</strong></span> <span class='ocrx_word' id='word_1_245' title='bbox 492 4173 526 4241; x_wconf 91' lang='lat' dir='ltr'><strong>in</strong></span> <span class='ocrx_word' id='word_1_246' title='bbox 553 4172 671 4243; x_wconf 87' lang='lat' dir='ltr'><strong>eadem</strong></span> <span class='ocrx_word' id='word_1_247' title='bbox 698 4172 857 4265; x_wconf 82' lang='lat' dir='ltr'><strong>Epistola</strong></span> <span class='ocrx_word' id='word_1_248' title='bbox 878 4196 899 4243; x_wconf 88' lang='lat' dir='ltr'><strong>a</strong></span> <span class='ocrx_word' id='word_1_249' title='bbox 920 4174 1153 4247; x_wconf 69' lang='lat' dir='ltr'><strong>sanctissimo</strong></span> <span class='ocrx_word' id='word_1_250' title='bbox 1174 4178 1229 4249; x_wconf 85' lang='lat' dir='ltr'><strong>Pa·</strong></span> 
     </span>
    </p>
   </div>
   <div class='ocr_carea' id='block_1_4' title="bbox 1253 3517 1260 4083">
    <p class='ocr_par' dir='ltr' id='par_1_4' title="bbox 1253 3517 1260 4083">
     <span class='ocr_line' id='line_1_34' title="bbox 1253 3517 1260 4083; baseline 0 0"><span class='ocrx_word' id='word_1_251' title='bbox 1253 3517 1260 4083; x_wconf 95' lang='lat' dir='ltr'><strong> </strong></span> 
     </span>
    </p>
   </div>
   <div class='ocr_carea' id='block_1_5' title="bbox 0 0 1262 4792">
    <p class='ocr_par' dir='ltr' id='par_1_5' title="bbox 0 0 1262 4792">
     <span class='ocr_line' id='line_1_35' title="bbox 0 0 1262 4792; baseline 0 0"><span class='ocrx_word' id='word_1_252' title='bbox 0 0 1262 4792; x_wconf 95' lang='lat' dir='ltr'><strong> </strong></span> 
     </span>
    </p>
   </div>
  </div>
 </body>
</html>
