2514 4792
636 278 716 344 loo

139 471 243 551 tlone,
263 466 307 535 de
328 465 499 535 divmrtate
520 460 658 547 Ghriah,
678 461 723 530 de
736 460 984 528 resurrectione
1000 461 1213 542 mortuorum

142 586 187 655 de
208 585 377 653 creatione
395 581 510 651 muudi
529 603 574 649 ex
590 580 695 649 nihilo
717 586 753 649 et
772 581 809 645 ln
828 574 922 662 aliis,
947 594 1059 665 saepe
1084 596 1213 643 numere

143 702 337 790 'l'heologos
351 699 597 785 Scholastiess,
612 702 742 788 quippe
755 718 799 766 eo
811 699 979 780 nitemes,
1000 703 1044 764 ut
1053 698 1215 785 proprian

141 824 210 892 aim
229 820 357 889 illorum
378 820 568 909 dogmatum
584 824 737 906 apertus
756 817 920 911 lacerent,
938 806 1167 903 ultraiustos
1185 815 1213 881 li-

143 942 245 1009 mites
265 939 429 1009 humanae
448 946 588 1005 naturae
609 938 814 1005 mastinos
834 956 996 1022 egressos
1017 935 1153 1018 fuisse,
1175 936 1214 1001 in

138 1059 276 1127 terdum
296 1063 397 1127 etiam
417 1077 447 1125 s
467 1056 600 1140 ratres,
618 1062 663 1124 ‘et
680 1057 718 1123 in
736 1053 791 1120 his
810 1054 992 1143 praecipue
1016 1053 1213 1121 Clementem

106 1234 109 1239 .
144 1176 422 1261 Alexandrinum,
450 1177 511 1263 qui
536 1195 559 1240 a
577 1173 665 1244 falsa
682 1174 946 1241 -llaereticorum
973 1171 1088 1262 reduc
1114 1192 1211 1238 vernn

19 1372 38 1396 f
144 1295 270 1385 γνῶσιν
290 1294 521 1382 distingueret
541 1284 673 1380 (lheol
695 1291 817 1379 cogn
837 1288 876 1360 Ρ.
898 1290 924 1361 l.
944 1312 1024 1380 pag·
1046 1291 1209 1371 27-83

145 1436 222 1503 pag.
244 1418 299 1481 on
320 1435 368 1481 ss.
390 1412 427 1478 et
446 1410 549 1496 alihi)

58 1590 62 1597 ,
232 1529 308 1600 Sed
328 1528 495 1599 dissident
514 1527 559 1596 ah
579 1522 773 1612 llerm'esio,
799 1524 892 1616 quod
917 1528 1040 1595 attinet
1066 1526 1116 1593 ad
1139 1526 1216 1614 pusi

148 1652 254 1718 tivum
285 1646 522 1735 Philosophiae
553 1662 664 1714 mm·
677 1649 712 1714 in
740 1644 927 1733 'theologia
957 1645 1150 1715 christiana
1175 1644 1218 1712 rel

149 1769 265 1859 potius
300 1765 344 1834 ad
377 1764 654 1855 'theologiam'
684 1764 997 1855 speculativam
1034 1765 1219 1833 christia

88 1960 94 1971 ,
150 1886 292 1973 namt),
322 1906 391 1953 non
418 1887 519 1972 pauci
545 1888 647 1952 etiam
672 1890 810 1953 nostrae
836 1887 958 1952 aetah's
982 1884 1158 1974 'l'heologi
1177 1906 1221 1954 ea

120 2062 121 2067 ,
150 2002 268 2072 tholici
287 2002 343 2072 vel
361 2004 506 2070 maxim
526 2003 722 2088 orthodoxi,
747 2006 945 2091 praesertim
965 2001 1222 2097 (teutherus,

152 2121 359 2191 clarissimus
385 2120 579 2211 {theologus
604 2119 893 2206 Vindohonensis,
920 2122 1047 2210 quique
1070 2122 1223 2191 cannen

153 2240 362 2332 disciplinam
382 2245 576 2329 sequuntur.
619 2238 669 2311 Et
696 2258 760 2328 ego
780 2239 917 2328 quidem
939 2238 1060 2308 horum
1093 2243 1224 2310 omnim

153 2364 224 2426 tam
248 2380 367 2447 pamm
392 2358 599 2446 reprehendo
628 2358 776 2425 studium
807 2357 921 2426 alacre
946 2362 983 2426 et
1007 2359 1223 2444 fructuosum,

158 2482 199 2545 ut
219 2479 319 2544 etiam
338 2497 542 2566 magnopere
562 2476 698 2545 laudare
719 2490 830 2564 cogar.
855 2456 1053 2567 Esponam
1074 2476 1226 2561 hreriter,

157 2598 195 2661 et
213 2593 294 2683 quid
317 2614 490 2664 commuue
510 2617 587 2664 eum
612 2595 668 2663 his
688 2598 735 2666 sit
753 2595 947 2682 Hermesio',
974 2600 1010 2664 et
1030 2599 1120 2685 quid
1146 2597 1228 2667 dille·

158 2714 285 2779 rentiae
304 2713 513 2781 intercedere
533 2715 695 2783 videatur.

243 2828 390 2901 Prason
409 2835 557 2922 utrique,
574 2839 612 2903 et
623 2834 821 2902 Hermesius
843 2839 880 2901 et
894 2832 1092 2902 Ghntherus
1115 2835 1231 2924 quique

160 2970 237 3018 cum
256 2948 431 3018 Gdnthero
451 2952 591 3037 faciunt,
612 2955 648 3020 in
666 2952 732 3020 hac
755 2952 889 3041 capitali
909 2954 1082 3021 sententia
1103 2955 1231 3043 conspi

41 3072 46 3081 '
160 3075 252 3138 rant:
272 3069 396 3151 nullam
409 3092 490 3140 esse
504 3073 763 3142 intuitionem
776 3070 1138 3159 intellectualem,
1153 3093 1232 3164 quae

159 3214 367 3236 m

203 3294 224 3358 ⁶)
241 3291 284 3344 lta
300 3295 373 3345 enim
388 3290 482 3345 nolin
497 3291 605 3345 dleerer
623 3290 806 3363 Theologia
822 3294 1038 3364 speculativa
1053 3293 1237 3348 christina

249 3394 308 3438 seu,
326 3379 400 3448 quod
415 3377 489 3430 idem
505 3376 659 3446 significata
684 3379 906 3450 'l'heosophla
923 3380 1136 3439 christiana.
1168 3383 1237 3435 nm

248 3480 301 3532 pro
317 3464 492 3515 laudamento
512 3462 596 3515 hahet
618 3465 770 3516 doctrinam
786 3483 803 3517 a
822 3464 929 3518 Christo
951 3467 1080 3531 auditam
1104 3476 1188 3540 atque
1202 3470 1238 3520 in·

250 3547 362 3599 lallihili
378 3549 538 3601 auctoritate
555 3549 772 3618 comprohatum
798 3557 827 3604 et
842 3558 954 3604 eatenus
970 3553 1032 3622 ipsa
1049 3558 1111 3606 tota
1128 3556 1241 3626 positiva

244 3642 303 3684 sert.
339 3634 452 3699 decedit
473 3640 562 3686 autem
584 3635 777 3705 contemplatio
800 3654 850 3689 eeu
866 3639 1025 3708 speculandi
1047 3642 1191 3704 studium,
1212 3657 1241 3694 e·

252 3720 399 3787 pertinens,
417 3726 450 3771 ut
466 3720 592 3788 dogmata
610 3718 758 3773 christiana
773 3723 892 3794 penitius
908 3721 1108 3793 intelligantur.
1147 3730 1202 3782 Per
1217 3743 1242 3779 ee

256 3804 365 3872 quidem
380 3804 448 3856 haec
464 3806 540 3856 notio
555 3805 719 3875 'l‘heologiae
737 3809 918 3876 speculativae
934 3804 1098 3862 christianae
1115 3830 1173 3866 nou
1192 3819 1245 3867 ata·

254 3887 305 3939 rim
321 3890 404 3941 talem
420 3889 539 3941 includit
553 3894 700 3960 positivum
717 3892 908 3961 Philosophiae
919 3910 1011 3962 amn,
1029 3897 1123 3966 qualis
1140 3901 1245 3953 omnim

256 3974 417 4026 reiiciendus
439 3981 495 4027 cet:
518 3994 613 4047 nempe
632 3978 656 4029 si
673 3979 840 4031 ercdihilitm
858 3980 1012 4053 dogmatum
1029 3997 1169 4052 suspensa
1184 3985 1217 4037 tt
1231 4003 1246 4035 ι

256 4060 370 4111 rationis
387 4063 593 4132 perspicientia,
622 4079 677 4118 non
694 4063 728 4116 ab
745 4065 907 4120 anctoritate
924 4054 1117 4124 divinantium
1130 4066 1246 4127 moilla

256 4146 460 4217 perspicientia.
