2514 4792
556 272 634 353 10⁷

43 453 192 527 facilius
223 450 322 523 homo
358 456 468 525 iuste
502 406 648 544 vivere
681 474 724 525 ac
760 458 884 525 vitam
918 466 1133 533 aeternam·

45 575 285 663 promereri
312 574 443 662 possit3
476 577 575 664 quasi
602 597 664 664 per
688 573 828 645 liberum
852 574 1022 645 arbitrium
1055 579 1131 648 sine

48 694 167 781 gralia
186 696 379 781 utrmnque,
410 690 475 761 sed
498 714 600 781 aegre
619 698 731 763 tamen
757 699 792 764 et
813 692 988 763 difficulter
1006 697 1130 784 possit,
1254 682 1256 687 ’

51 809 236 891 anathema
257 811 335 876 sit.“
387 809 561 879 Postremo
592 811 770 901 subiungit·
793 809 880 881 haec
910 813 1014 883 verba
1038 814 1138 903 (pag.

52 931 143 1003 m
164 931 244 1015 ss.)=
286 925 436 1015 „Genua
457 928 547 1020 quod
567 929 765 1021 Pelagius
785 927 919 1018 docuit,
949 939 1132 1023 postquam

52 1053 185 1137 negato
206 1054 350 1136 peccato
371 1047 520 1136 originali
539 1046 638 1117 huius
663 1046 779 1139 placiti
803 1047 1051 1120 fundamentum
1069 1072 1132 1141 po-

55 1171 193 1237 suerat:
234 1212 286 1251 „„
294 1164 348 1235 Ad
369 1171 463 1235 recta
482 1164 658 1254 agendum,
683 1165 828 1255 ideoque
848 1165 1055 1236 adsalutem
1074 1190 1133 1237 sn·

57 1306 118 1369 am
137 1284 356 1373 operandam,
385 1282 542 1355 sufficere
568 1282 691 1353 homini
711 1286 935 1375 ingeneratum
955 1307 977 1355 a
995 1285 1073 1356 Deo
1092 1274 1133 1355 llss

56 1402 245 1489 heriatua,
272 1399 451 1481 dummodo
471 1402 559 1493 legis
578 1404 743 1492 cognitio,
772 1424 861 1493 quae
879 1425 942 1493 per
960 1409 1135 1473 externam

57 1502 303 1589 institutionem
330 1521 580 1612 suppeditetur,
611 1521 771 1607 accedat3
790 1560 835 1577 -
864 1524 1027 1592 internam
1050 1543 1132 1591 vero

60 1642 205 1729 gratiam
225 1639 271 1706 ad
291 1638 372 1709 illud
391 1662 459 1710 uon
479 1661 560 1715 esse
586 1643 830 1725 necessariam,
858 1640 924 1711 sed
944 1661 986 1711 eo
1006 1645 1135 1717 taum

59 1754 187 1843 valere,
208 1762 247 1824 ut
259 1756 390 1827 facilius
404 1758 515 1829 officio
536 1760 736 1829 satisfacere
756 1760 931 1849 omniaque
951 1764 1046 1827 recta
1058 1780 1140 1849 per·¹

59 1872 166 1945 ficere
185 1877 372 1965 pessimum
401 1876 608 1967 eandemque
633 1876 766 1948 demum
785 1877 887 1946 tribui
910 1883 1049 1966 propter
1066 1899 1137 1947 nra

61 1995 157 2079 rita,
177 2014 265 2083 quae
293 1994 367 2084 ipse
387 1995 453 2063 sili
480 1995 578 2064 homo
606 1997 857 2086 comparaverit.
899 1995 1084 2083 Propterea
1101 1997 1138 2065 in

63 2134 270 2204 unaquaque
292 2112 399 2183 libera
424 2118 558 2185 actione
584 2112 728 2185 honesta
758 2136 814 2211 ·-·ι
832 2119 935 2203 aquo
964 2111 1049 2182 haec
1081 2118 1139 2183 est

62 2231 319 2303 fimdamentalis
340 2234 424 2303 ratic
446 2236 643 2324 systematis
655 2270 701 2290 -·
717 2234 784 2301 luia
803 2231 972 2311 distinxit:
992 2251 1138 2319 posse,

64 2349 235 2435 scilcet
254 2373 396 2440 agere,
428 2371 473 2421 ex
494 2351 617 2444 quibus
636 2354 776 2443 primum
794 2348 877 2427 illud
896 2350 1031 2439 (nosse)
1050 2346 1142 2419 affir-

64 2476 139 2545 mat
157 2489 237 2540 esse
257 2469 335 2557 Ilei,
356 2472 482 2561 quippe
502 2472 561 2561 qui
575 2468 762 2539 libertatem
781 2466 905 2539 homini
923 2470 1140 2559 ingenerave-

66 2589 131 2673 rlt,
162 2587 291 2679 reliqua
321 2596 434 2658 autem
459 2585 527 2659 duo
552 2587 655 2677 (velle
681 2589 854 2678 erigere)
879 2607 959 2657 esse
984 2586 1140 2674 hominis,
1241 2634 1245 2641 ,

66 2726 175 2797 quum
193 2708 366 2796 exipsius
385 2706 541 2777 libertate
561 2708 773 2777 oriantur.““
814 2704 892 2777 Hoc
913 2686 1065 2797 sglstema
1085 2712 1143 2777 est

64 2824 309 2915 purus1putus
337 2826 666 2912 Naturalismus‚
696 2828 877 2917 ipsamque.
903 2826 1143 2895 mundonem

66 2941 170 3029 illam,
202 2964 290 3033 quae
323 2942 384 3013 frat
415 2966 479 3035 per
511 2942 874 3034 supernaturalem
908 2940 1145 3015 revelationem

67 3060 351 3153 (perglnctnu'nam
370 3061 610 3151 christianam),
629 3084 698 3133 non
717 3062 851 3131 videtur
868 3058 1026 3149 Pelagius
1046 3059 1145 3141 aliam

65 3178 275 3271 gncnusam·
289 3181 496 3273 postulasse,
514 3182 582 3251 nisi
595 3186 634 3252 ut
652 3179 824 3251 facilius
842 3177 977 3269 possint
995 3178 1146 3249 homines

66 3300 272 3385 sadsfncero
292 3300 425 3375 officio..
455 3300 633 3372 Rationem
657 3297 872 3387 Pelagianam
895 3298 1044 3387 inprimis
1068 3278 1161 3369 sec·⁴

70 3416 231 3489 labantur
261 3426 363 3512 atquo
393 3416 554 3493 iuvabant
584 3415 837 3489 Caelestius
868 3421 904 3485 et
930 3414 1146 3501 Julianus,

73 3529 283 3629 Episcopus.
336 3538 563 3610 Adversarius
593 3539 706 3607 extitit
724 3556 755 3603 s.
776 3534 1058 3623 Augustinus,
1089 3535 1148 3625 qui

74 3658 213 3751 quidem
232 3661 267 3727 in
286 3657 351 3726 hac
373 3657 602 3726 controversia
622 3655 807 3724 doctrinam
820 3651 1002 3722 revelatam
1015 3652 1064 3726 de,
1071 3674 1150 3743 gra·

78 3779 129 3849 tia
150 3798 195 3847 ex
221 3779 310 3847 omni
340 3776 471 3846 demum
499 3781 597 3864 parte
627 3773 798 3865 explicuit
840 3774 952 3843 Antea
977 3769 1014 3840 id
1038 3794 1150 3858 ununn

78 3897 172 3987 quod
199 3903 237 3967 et
261 3916 325 3965 nos
352 3917 454 3983 supra
475 3892 807 3977 demonstravimus„
831 3890 1015 3961 docuerant
1039 3888 1151 3971 l'lreo-

76 4014 164 4105 logi,
195 4017 336 4104 gratiam
365 4012 532 4083 actualem
560 4014 723 4081 internam
750 4011 977 4081 necessariam
1004 4030 1085 4079 esse
1105 4008 1150 4077 ad

69 4138 269 4207 miversam
289 4132 409 4205 edatis
429 4131 666 4222 operationem,
686 4150 798 4221 neque
818 4128 985 4199 adhuc-
1004 4116 1040 4199 id
1060 4126 1150 4217 quod
