2514 4792
450 221 741 291 -71'

90 408 357 485 ‚ruttmitatem
388 406 471 475 sibi
501 432 647 496 parare
681 412 875 499 intendit,
914 419 955 480 ut
987 414 1136 483 deinde

96 504 175 597 ''llne
193 502 269 593 ulla
296 525 578 595 haesitatione
608 530 823 597 credamus
845 554 908 614 ea,
941 556 1044 619 quare
1072 558 1135 600 no-

104 618 227 711 bira-
245 646 516 713 eommnnieat
527 652 550 687 “
594 648 685 715 ldem
700 648 894 736 Episcopus
906 650 1135 733 Bautaenium,

92 752 154 849 qri
165 761 310 829 miracolis
336 770 475 850 negaret
500 766 567 831 vim
594 764 693 831 ullam
719 768 832 833 inesse
862 767 905 831 ad
931 766 1029 835 iidem
1054 780 1135 835 v'ere

103 878 287 967 potuum,
329 882 387 968 qui
422 884 552 949 omnino
587 882 788 951 luculentam
823 883 1134 955 demonstrationem

102 994 200 1063 aulen
212 1006 415 1087 agnosceret,
444 1003 502 1087 qui
522 1000 750 1068 obscuriorem
771 1022 908 1067 sensum
930 1024 1135 1072 communem

75 1112 268 1207 liruh‘nrtum
288 1118 438 1206 pietatis)
458 1120 556 1185 nimis
577 1120 752 1189 extolleret
771 1143 851 1208 prae
866 1122 1003 1203 ratione,
1025 1118 1134 1209 nequ'e

97 1228 206 1301 huiein
221 1236 315 1335 rebus
341 1236 385 1303 ad
411 1236 601 1325 religionem
628 1238 871 1326 pertinentibus
900 1239 1056 1305 iudicium
1085 1240 1133 1305 ul-

98 1344 161 1414 lun
175 1338 374 1438 concederet·
384 1376 461 1442 pag.
474 1358 527 1421 23
536 1356 589 1423 his
604 1357 747 1424 veribus
762 1357 988 1445 reprehendit:
1011 1358 1132 1441 „Haud

102 1462 186 1535 dubie
197 1492 321 1561 magnae
343 1479 422 1540 sunt
442 1474 637 1543 dulcedines
659 1475 733 1543 illae
756 1482 926 1560 secretae,
954 1497 1040 1565 quas
1062 1476 1134 1563 qui·

98 1580 166 1649 tlffl
180 1588 297 1659 eilmdit
316 1592 413 1659 oeus
435 1595 469 1660 in
483 1596 608 1660 animas
631 1594 812 1683 simplices,
834 1598 868 1662 in
882 1617 942 1662 eos
957 1597 1015 1681 qui
1030 1602 1132 1660 sensu

93 1704 192 1772 bened
217 1709 461 1778 Revelationem
505 1712 717 1781 christianam
756 1716 931 1801 ipsiusque
966 1712 1132 1779 miracula.

93 1815 197 1907 Corde,
210 1833 241 1897 nt
258 1830 306 1896 ait
325 1829 512 1913 Paeonias,
535 1831 577 1898 de
598 1835 640 1898 iis
661 1831 820 1914 iudicant,
856 1831 1132 1917 quemadmodum

96 1934 150 2003 alli
166 1953 259 2017 benb-
307 1948 418 2017 Sunt
441 1950 587 2034 igitur,
621 1948 805 2015 seeundum
831 1946 1032 2029 Pasealinm‚
1063 1950 1132 2033 qni

100 2070 186 2125 nene
200 2062 237 2133 de
251 2068 302 2134 iis
322 2066 512 2133 iudieent
532 2073 675 2133 mente.
718 2066 767 2133 At
787 2065 1130 2137 seeundumllautae-

99 2169 176 2239 ssim
189 2198 266 2249 neno
283 2184 323 2253 de
344 2186 387 2251 iis
408 2184 556 2252 indicare
581 2189 697 2271 potest
718 2182 783 2249 hoe
804 2182 913 2250 modo.
957 2184 1046 2248 Nos
1067 2182 1130 2247 di'·

97 2304 208 2365 eenus
229 2302 321 2391 ipsi,
359 2304 398 2369 si
425 2303 542 2369 docti
577 2300 761 2368 homines
794 2302 1020 2399 christiani
1050 2323 1130 2368 non

87 2399 258 2487 baberent
289 2426 409 2488 certa
438 2402 680 2508 argumenta
709 2423 821 2486 eirea
853 2406 1129 2506 Religionem,

81 2520 132 2587 θ’]
147 2539 448 2605 confirmandam
469 2539 642 2606 huiusce
664 2541 884 2606 veritatem
905 2537 1030 2605 valde'
1048 2541 1128 2605 exi-

75 2654 180 2719 gnum
201 2657 483 2724 adiumentum
511 2658 734 2724 allaturam
762 2679 859 2724 esse
889 2657 1017 2723 fidem
1038 2660 1128 2723 sim·

75 2752 257 2841 illiciumf‘
299 2776 363 2841 His
391 2775 493 2857 loeis,
527 2776 650 2861 quibus
677 2774 756 2841 nihil
781 2780 997 2861 potestesse
1020 2778 1127 2862 magis

75 2888 278 2977 '‘iffipieuum²
301 2893 474 2962 adiieimus
489 2892 572 2960 alios
586 2892 751 2980 quosdam
771 2914 838 2958 non
852 2895 963 2959 minus
979 2892 1127 2959 lneulen-

75 3004 123 3057 Μ·
161 3008 500 3100 Pag.aohaecsunt=
529 3012 684 3099 „Religio
701 2996 892 3093 christiin&
916 3008 1128 3095 ‘luema‘hffl'
1235 3084 1239 3095 ·

75 3124 134 3185 ¹¹¹1
150 3133 332 3199 aitintimus
349 3129 494 3197 Pascalii
511 3134 650 3215 amieuS,
667 3132 740 3199 sine
755 3131 959 3199 dubitatione
974 3129 1130 3213 agnoseit

75 3238 213 3323 3Qllium
233 3248 410 3316 humanum
428 3271 495 3316 non
515 3272 619 3338 posse
641 3255 828 3337 pertingere
854 3249 897 3314 ad
922 3245 1127 3312 altitudinem

75 3357 282 3435 ²⁸teriorum
312 3389 399 3455 quae
425 3369 537 3451 tradit,
570 3369 836 3455 arctioribusque
862 3363 1019 3432 limitibus
1047 3384 1126 3429 esse

75 3482 352 3575 Qumsenptum,
380 3508 479 3574 qnam
500 3493 538 3553 ut
564 3487 777 3553 fundamenta
805 3491 995 3572 aperturum
1023 3485 1069 3549 sit
1090 3485 1126 3547 in
1222 3546 1233 3575 ⁰

75 3599 193 3673 ²anis
215 3608 367 3673 veritatis
384 3605 555 3689 fontibus»,
583 3606 627 3671 ad
649 3628 735 3693 quos
757 3608 788 3671 si
814 3608 908 3671 aeies
930 3606 1002 3669 eius
1024 3605 1126 3688 perti-

75 3722 132 3791 [Ὤ
150 3731 281 3813 posset,
309 3726 459 3789 nimirum
479 3724 692 3790 fundamenta
712 3723 767 3789 illa
788 3729 858 3788 tam
880 3722 970 3790 clare
992 3724 1126 3807 conspi-

75 3839 146 3910 Ῥεῖ
179 3864 279 3929 quarn
310 3844 415 3929 prima
444 3844 615 3930 principia.
666 3841 947 3908 Nihilominus
984 3840 1127 3908 eadem

75 3961 222 4048 eligio
244 3983 324 4027 non
346 3963 495 4048 poscit,
517 3968 564 4027 nt
585 3959 845 4048 simpliciter
866 3960 991 4025 fidem
1012 3958 1126 4025 eiad·

85 4088 277 4166 lrgarnus
292 4082 384 4146 sine
398 4077 661 4166 probatione,
677 4086 719 4145 et
733 4101 805 4166 per
824 4098 992 4145 eaeenm
1006 4098 1126 4165 quen-
