2596 4778
655 229 709 293 ab

97 426 102 433 '
147 438 210 485 seo
231 411 488 502 argumentando
509 433 570 501 per
589 412 820 479 inductionem.
840 502 843 507 ι
865 408 962 495 Quod
984 413 1016 478 si
1036 429 1187 478 concess

148 537 195 599 ris
216 570 258 584 -
280 539 315 599 et
335 553 416 631 sane
437 536 570 619 oportet
590 532 731 598 concedi
745 569 798 613 -,
821 529 981 597 ostendas
1001 527 1095 613 mibi,
1116 550 1185 618 qua

148 672 201 735 so,
222 649 387 738 quomodo
417 671 460 717 ex
486 647 744 733 inductione,
768 669 854 735 quae
876 651 949 741 ipsa
970 638 1187 735 imperfect

147 774 221 854 est',
255 754 584 856 persectatamen
620 772 655 834 et
674 765 796 854 plena
821 767 994 833 certitudo
1032 787 1187 855 compara

146 893 249 975 queat
268 886 451 954 secuudum
478 885 739 953 theoreticae
760 887 896 952 rationis
917 885 1089 973 principia.
1132 883 1187 951 Ea

147 1009 253 1073 cietur
273 1004 406 1093 quidem
427 1025 555 1071 summa
576 1002 836 1088 verisimilitudo,
858 1023 966 1091 eaque
984 1005 1137 1093 proxime
1159 1024 1187 1068 ar

10 1179 35 1213 ·.
146 1124 270 1192 cedens
292 1121 486 1211 adplenum
507 1106 737 1189 certitudinem
755 1106 990 1206 theoreticam3
1011 1121 1075 1189 sed
1094 1140 1187 1187 necet

145 1244 233 1309 sario
255 1227 407 1309 residuae
428 1239 509 1308 fient
535 1240 776 1324 dubitationes,
804 1262 889 1328 quas
909 1239 1097 1307 theoretica
1116 1240 1187 1305 ruti<

144 1363 267 1449 quippe
289 1361 438 1426 sentiens
460 1357 601 1447 aliquem
621 1361 878 1447 perspiciendae
899 1359 1078 1444 defectum,
1099 1376 1187 1444 pers

40 1496 43 1503 ’
144 1475 217 1545 sola
239 1476 416 1545 excludere
437 1499 503 1546 non
523 1484 646 1565 potest
689 1479 830 1547 Licetne
856 1481 955 1566 igitur
982 1477 1036 1543 his
1057 1474 1187 1543 dubitati

143 1594 273 1665 unculis
299 1598 367 1661 vim
394 1618 466 1662 eam
487 1596 647 1681 tribuere,
683 1604 721 1665 ut
742 1596 969 1684 abstineamus
996 1616 1018 1661 a
1040 1593 1187 1683 sepultus

142 1698 651 1802 aut'combustione‘eorporum
675 1715 906 1799 humanorum,
940 1717 975 1780 in
1002 1713 1122 1804 quibus
1139 1730 1187 1777 nor

142 1834 241 1900 modo
263 1832 385 1905 nullum
406 1837 494 1905 vitae
516 1836 645 1920 signum
666 1839 817 1922 apparet,
840 1833 903 1900 sed
923 1835 1022 1900 etiam
1042 1831 1187 1918 eorrupm

142 1959 177 2019 et
197 1952 337 2041 putredo
360 1959 476 2020 exorta
497 1954 561 2021 iarn
583 1949 660 2019 esti?
696 1952 870 2020 Reclamat
891 1955 1026 2019 interior
1047 1971 1112 2019 vox
1125 1966 1187 2015 con·

140 2073 320 2156 scientiae,
351 2071 509 2138 reclamat
534 2071 688 2158 generale
710 2078 745 2138 et
767 2073 987 2139 certissimum
1007 2069 1088 2136 illud
1108 2062 1187 2134 offici

138 2194 373 2278 praeceptum,
400 2189 491 2276 quod
512 2188 556 2256 ab.
582 2191 673 2257 initio
697 2189 984 2256 commemoratum
1006 2194 1078 2272 cst,
1104 2180 1187 2275 quod·

139 2329 206 2395 que
233 2307 321 2374 nullo
348 2315 498 2395 tempore
531 2306 632 2392 (nullo
659 2310 693 2373 in
720 2310 815 2392 casu)
846 2306 973 2395 impleri
1004 2281 1141 2395 poterit,
1170 2319 1187 2365 ⁵

139 2426 225 2491 istas
246 2423 525 2496 dubitatiunculas
547 2447 733 2512 sequamur.
777 2425 846 2492 Est
867 2433 977 2493 autem
999 2428 1124 2493 omnino
1145 2439 1187 2489 sm

103 2627 105 2632 .
136 2543 369 2612 tisiaciendum
390 2544 577 2610 certissimo
604 2542 682 2608 huic
709 2542 809 2611 officii
835 2551 1033 2633 praecepto:
1065 2537 1187 2630 iurati«

40 2703 42 2707 ι
68 2733 69 2736 ,
138 2659 270 2728 moralis
291 2667 399 2746 urget,
420 2660 524 2744 iubet,
545 2637 694 2749 imperat,
718 2685 858 2757 eumque
873 2664 1055 2748 bominem,
1077 2665 1134 2751 qui
1153 2672 1187 2727 rt

120 2779 295 2866 dragmae,
307 2778 511 2846 condemnat
543 2778 661 2866 ltaque
682 2783 781 2848 etiam
802 2785 986 2877 imperat,
1009 2790 1111 2871 atque
1132 2781 1187 2848 llo

54 2901 57 2907 ’
137 2900 310 2986 imperio
340 2919 415 2965 suo
447 2898 656 2967 voluntati
687 2903 985 2968 necessitatem
1018 2898 1187 2967 morale}

136 3018 326 3105 imponit,
359 3023 396 3084 ut
417 3018 530 3083 missis
553 3038 593 3085 ac
615 3016 910 3086 nihili‘aestimatis
933 3009 1187 3086 dubitatiuncul

44 3210 46 3217 s
113 3104 118 3133 ⁸
135 3137 212 3220 illis,
249 3156 336 3223 quae
356 3142 493 3224 propter
513 3135 656 3224 aliquem
676 3137 794 3226 plenae
815 3140 1071 3225 perspicientiae
1095 3137 1187 3204 dete«

134 3261 205 3323 tum
226 3254 379 3321 residuae
399 3251 492 3336 fiunt,
521 3256 610 3320 siue
630 3253 717 3321 ulla
743 3254 1033 3322 haesitatione
1062 3255 1187 3325 crcd³

134 3394 240 3456 mus,
271 3371 336 3439 hoc
359 3377 423 3454 est,
453 3377 499 3438 ut
518 3372 636 3437 firma
658 3379 698 3439 et
716 3371 852 3439 libera
873 3362 1123 3442 assensione
1144 3387 1187 3441 r²

133 3496 215 3559 tum
250 3489 496 3572 habeamus,
531 3510 613 3556 vere
647 3496 795 3557 mortuos
832 3512 910 3558 esse
947 3512 1007 3558 cos
1039 3491 1187 3560 bomine«

134 3630 272 3697 quorum
294 3611 520 3703 corporatam
541 3609 705 3694 corrumpi
732 3614 767 3674 et
785 3613 980 3695 putrescere
1009 3627 1187 3697 coeperun

28 3794 33 3809 Ι
133 3704 306 3795 Habemus
340 3729 439 3813 igitur
473 3728 507 3792 in
527 3725 592 3793 hoc
629 3725 780 3815 exemplo
816 3728 1110 3795 assensionem
1142 3744 1187 3796 se

133 3845 257 3911 fidem
284 3844 499 3911 moraliter
524 3850 825 3927 necessariam,
863 3867 907 3910 cx
929 3866 996 3932 qua
1016 3845 1187 3933 proficisc

35 4014 37 4019 .
133 3963 307 4047 turetiam
339 3963 551 4030 certitudo
584 3960 764 4029 moralis.
808 3963 989 4050 Utriusque
1011 3967 1065 4031 vis
1088 3971 1124 4033 et
1144 3984 1187 4034 ne

132 4087 207 4149 tura
229 4056 282 4146 rerr
312 4080 365 4161 iis,
400 4101 487 4169 quae
517 4081 689 4169 proposita
715 4087 805 4166 sunt,
841 4085 873 4149 in
899 4083 1090 4162 universum
1116 4086 1187 4157 sati
