2514 4792
589 250 669 329 13⁷0

93 434 235 525 omnium
255 392 408 521 prcrtunt
436 431 625 519 religionem
653 430 875 507 eluistianam-
892 435 929 498 et
949 428 1111 514 catlmlicrn,

92 552 156 645 sed
176 552 790 641 strenue.tuentur,ncqueller1uesii
811 554 963 636 systema
973 548 1113 619 ¹dicendus¹
1143 604 1147 613 .

90 1143 231 1209 maxime
257 1141 448 1210 detestabili
467 1181 511 1215 ,-
535 1141 599 1209 sed
625 1143 658 1209 si
682 1144 778 1229 parvi
806 1143 898 1230 apud
925 1144 978 1210 'l'o
1000 1146 1108 1211 monui

91 1262 139 1327 sit
150 1282 224 1326 meo
238 1260 442 1347 testificatio,
456 1282 572 1329 rursus
587 1281 669 1347 rogo
683 1266 784 1348 atquc
799 1260 958 1345 obsecro,
979 1267 1015 1327 ut
1025 1282 1100 1329 oure!
1156 1273 1158 1280 ‘

90 1370 168 1445 'ribi
198 1377 436 1445 dubitationem
461 1378 666 1445 eximendam
693 1397 792 1455 cures
809 1377 864 1459 ab
885 1377 1098 1467 Episcop’ult·
1147 1388 1158 1429 l

90 1492 355 1587 ¹uerendissimis,
383 1517 522 1583 qrrorum
547 1497 730 1575 auctoritas
758 1500 891 1565 omnino
911 1497 1023 1583 valere
1040 1495 1103 1577 ddi,
1151 1481 1158 1543 l

90 1633 159 1695 nec·
180 1619 305 1691 temere
331 1615 520 1701 spernenda
547 1619 603 1680 est
629 1635 671 1683 eo
693 1616 808 1701 modo,
835 1638 904 1705 quo
935 1624 972 1685 et
996 1617 1110 1684 haemo
1155 1616 1158 1654 l

89 1730 243 1796 fecerunt
267 1737 332 1815 et,¹
350 1731 434 1829 proli
460 1730 568 1801 dolor!
603 1731 717 1799 facere
744 1755 811 1804 non
838 1742 981 1804 cessant
1007 1730 1117 1823 anonym

90 1846 347 1936 Ephcmeridum
368 1849 550 1919 Schafnab.
574 1850 731 1919 editores.

13 1942 18 1951 ¹
124 2004 128 2011 -
173 1969 251 2057 Nou
271 1968 394 2039 videris
414 1969 493 2037 milri
513 1956 822 2057 germanicescire,
843 1969 996 2056 Perroni,
1015 1965 1127 2059 vrplr

89 2087 204 2152 rimurn
225 2087 440 2155 Reverendo!
481 2090 569 2155 Nam
591 2091 622 2155 si
644 2090 764 2171 scires,
787 2100 879 2156 certe
900 2092 1005 2157 etium
1023 2091 1127 2159 llermt·

90 2206 133 2269 sii
145 2203 249 2270 libros
270 2193 484 2292 perlegisses.
526 2205 567 2272 Id
585 2207 696 2294 ipsum
716 2184 828 2273 autem
842 2208 874 2272 si
887 2207 1046 2292 fecisses,
1063 2204 1126 2275 cert!

90 2325 190 2391 etiam
220 2324 267 2407 iu¹
286 2322 404 2392 oculos
435 2323 530 2391 Tuos
560 2325 780 2419 incurrissent
801 2322 1063 2412 'luculentissimi
1077 2316 1120 2391 sd

88 2443 230 2507 maximo
265 2436 418 2527 numero,
455 2436 658 2529 exquibus
691 2439 918 2509 intellexisses
954 2460 1027 2511 nou
1042 2455 1119 2532 tp*

89 2579 328 2647 quemquama
350 2558 590 2626 Rationalismo
612 2565 648 2627 ct
674 2555 920 2626 Socinianismo
947 2564 1056 2648 magis
1076 2557 1141 2627 alr.¹

89 2696 167 2739 num
189 2695 387 2764 essequam
407 2677 625 2742 Hermesium.
663 2673 836 2775 ¹Quidquid
862 2677 1123 2764 cognitumlulo

90 2793 133 2858 dc
156 2787 306 2860 doctrina
325 2793 561 2878 Remesiana,
583 2795 620 2861 id
640 2816 753 2879 omne,
782 2798 848 2873 nisi
868 2795 1127 2873 vehementissim
1156 2828 1158 2835 ·

89 2910 203 2994 fallor,
230 2910 337 2978 habes
358 2933 380 2977 a
399 2912 544 2980 testibus
565 2912 663 2979 valde
684 2914 830 2991 incertis.
873 2911 925 2980 lta
945 2916 1073 3006 facturn
1089 2917 1131 2996 ed,

89 3036 127 3096 ut
154 3031 323 3114 conlusio,
354 3032 389 3097 in
417 3053 518 3118 quam
543 3021 729 3099 inciderunt
754 3031 790 3097 hi
810 3035 919 3111 testes
940 3026 1030 3118 Tui,
1046 3032 1136 3102 eadm

90 3149 319 3216 traduceretur
338 3149 374 3215 in
394 3149 445 3215 Te
467 3167 508 3215 ac
530 3150 711 3237 pessimam
732 3147 774 3216 de
794 3149 971 3242 Hermesio
992 3149 1156 3225 Hermos'r.

74 3269 228 3354 'aurisque
264 3243 454 3357 opinionem*
481 3267 558 3336 Tibi
583 3248 785 3346 ‘infunderet
839 3265 945 3334 Cuius
978 3272 1029 3338 rei
1059 3269 1142 3337 door

90 3392 200 3478 mento
224 3393 278 3453 est
298 3387 353 3456 vel
373 3389 482 3475 ipsum
502 3386 583 3454 illud
604 3387 787 3468 criterium,
807 3386 899 3473 quod
922 3395 1147 3455 commemoras

91 3522 134 3568 ex
155 3503 402 3573 Introductioue
428 3503 672 3592 Philosophica.
714 3505 803 3569 Nam
823 3501 923 3589 quale
944 3506 991 3569 sit
1010 3505 1150 3573 hoc'cri·

90 3624 218 3705 terium,
241 3627 284 3711 et.-
296 3644 455 3710 quorsum
475 3625 651 3710 pertineat,
671 3642 738 3689 non
758 3621 865 3688 vides.
909 3622 1083 3708 Vidisses,
1102 3645 1152 3713 pu·

91 3743 144 3821 to,
166 3742 196 3805 si
217 3745 409 3807 contextum
435 3743 593 3809 novisses
619 3740 796 3823 orationis,
824 3744 860 3805 et
880 3741 912 3806 si
932 3740 1044 3828 ipsum
1066 3745 1145 3811 crite

91 3858 174 3921 rium
194 3857 360 3944 aliquanto
381 3861 576 3939 accuratius¹
592 3859 767 3946 minusque
788 3836 943 3944 ambigue
964 3881 986 3925 a
1008 3861 1095 3929 Tuis
1114 3869 1158 3929 te·

93 3972 202 4039 stibus
228 3973 344 4042 latine·
358 3979 691 4064 enuntiatumsesset
734 3975 931 4047 Hennesius
961 3980 1053 4047 enim
1072 3986 1158 4070 post

94 4113 193 4181 quam
227 4093 391 4162 adversus
424 4052 618 4184 receutiopm
650 4096 772 4163 aetatis
805 4093 1035 4184 Philosophus
1059 4102 1158 4171 evicit
