2514 4792
634 218 738 287 nos·
789 183 810 263 -'

138 424 217 474 esse
237 403 382 520 ldcoquc
402 400 563 473 infallibili
583 405 783 472 auctoritate
805 401 1064 493 comprohatum
1083 402 1198 475 Μία

138 523 331 592 credamus.
351 544 440 591 nunc
461 524 593 609 egressi
614 542 634 589 e
655 508 892 612 Philosophiae
913 545 1035 611 campo
1059 523 1126 593 et
1114 544 1146 589 ru
1162 524 1197 591 al-

136 644 256 709 tiorem
277 646 444 731 regionem
466 641 577 709 euecti
595 660 719 709 novum
733 648 768 709 et
782 644 1009 711 ccttisshnum
1029 642 1196 715 suhstdlun

138 764 230 827 nacti
250 782 385 847 sumus,
412 761 509 827 cuius
530 764 625 831 recto
641 782 716 861 ¹usu
738 760 898 849 plurimas
928 762 1153 833 obscuritates
1169 768 1204 865 el!-

139 876 382 967 dubitationes,
410 881 534 972 (pathus
561 880 760 973 superandis
781 878 855 947 sola
874 880 1091 971 Philosophia
1110 884 1204 969 impar*

139 1002 223 1082 erat,
245 998 411 1087 depellere
432 1024 475 1071 uc
494 1006 639 1073 mentem
659 1004 808 1066 nostram
828 1001 937 1087 magis
950 1002 1124 1089 magisque
1141 996 1192 1067 col·

138 1112 281 1187 lustrare
301 1141 493 1208 possumus.
535 1122 613 1190 Hoc
633 1121 734 1207 igitur
759 1138 847 1184 novo
875 1120 1040 1187 scientias
1065 1036 1204 1187 subsidi¹

140 1234 294 1305 instructi
314 1261 420 1310 uuus
442 1240 598 1309 demum
618 1240 719 1307 etiam
740 1236 783 1303 de
804 1232 858 1302 illa
879 1238 1096 1325 quaestione:
1124 1238 1189 1304 sitas

139 1357 247 1441 gratia
269 1357 380 1426 diviua
400 1359 542 1427 hominis
555 1356 720 1427 voluntati
739 1358 947 1440 necessaria,
969 1378 1072 1445 quarn
1082 1354 1189 1443 lateque

140 1479 257 1559 pateat
277 1474 376 1545 huius
398 1479 525 1565 gratiae
545 1472 764 1543 necessitas?
787 1476 872 1542 certi
893 1474 1078 1563 quidquam
1094 1454 1192 1564 potal-¹

141 1610 217 1657 mus
244 1596 392 1662 iuvenire
419 1601 522 1684 atque
547 1598 707 1664 statuere.
758 1590 964 1661 Consulendi
999 1601 1080 1662 sunt
1104 1592 1185 1661 lentes

144 1707 324 1798 theologici
339 1720 374 1782 ct
389 1713 556 1782 eeclesiae
578 1712 833 1795 declarationes,
855 1732 899 1779 ex
913 1711 1042 1801 qulbus
1063 1706 1178 1802 quidqud

144 1826 266 1898 hauriri
292 1836 423 1919 potest,
456 1833 491 1902 id
510 1834 642 1901 orantus
670 1837 778 1899 ratum
803 1850 915 1919 neque
940 1830 1001 1899 ulli
1029 1826 1176 1901 dulialissl

144 1944 324 2017 obnoxium
344 1951 460 2020 haheri
482 1950 593 2020 dehet
635 1951 757 2041 Neque
778 1948 900 2020 dixerit
920 1948 1045 2039 aliquis
1065 1948 1134 2020 lane
1147 1964 1181 2011 ae

145 2070 358 2153 gumcutnndi
383 2072 471 2139 viam
499 2068 654 2138 lahorare'
678 2070 839 2157 petitione
864 2070 1038 2159 principii:
1069 2088 1135 2137 nau
1148 2062 1187 2133 cti·

146 2192 232 2255 amsi
253 2209 294 2258 eo
315 2193 475 2280 temporis
495 2194 639 2278 puncto,
671 2208 739 2277 quo
765 2184 870 2255 libere
896 2172 1102 2276 suseipirnus
1124 2182 1190 2253 tls

146 2302 376 2394 christianam,
408 2310 536 2397 gratiae
564 2306 696 2375 divhrae
724 2308 915 2374 necessitas
946 2306 991 2375 ad
1012 2306 1100 2375 hauc
1118 2306 1192 2393 ipss!

149 2424 308 2494 credendi
336 2428 503 2495 acfioueni
531 2425 677 2495 nondum
697 2421 798 2491 nohis
818 2424 994 2514 explorata
1016 2432 1090 2510 est,
1115 2428 1194 2491 taso

104 2542 108 2565 ¹
148 2539 407 2634 haudquaquam
426 2526 567 2629 tersere,
593 2542 657 2611 sed
677 2546 741 2611 rite
762 2546 799 2610 et
819 2541 1020 2613 obedientes
1043 2544 1197 2614 certissimi

149 2659 287 2729 rationis
315 2664 451 2753 imperio
479 2662 578 2732 fidem
605 2660 705 2729 thani
718 2663 922 2750 suscipimus
929 2685 939 2749 3
971 2685 1016 2731 ex
1038 2685 1107 2753 quc
1128 2656 1202 2731 ellici

149 2783 220 2863 tur,
250 2784 289 2847 ut
310 2782 373 2851 rite
394 2788 430 2850 ct
450 2782 524 2850 sine
545 2779 612 2849 ullo
641 2780 772 2849 errandi
797 2778 947 2868 periculo
974 2790 1139 2872 suscepta
1162 2776 1204 2849 lh

151 2894 332 2966 christiana
358 2902 425 2969 iam
452 2922 497 2970 ex
522 2898 742 2990 postliminio,
773 2902 813 2965 ut
832 2900 881 2965 ita
911 2900 1039 2985 dicum,
1071 2916 1204 2991 quaeres

152 3018 188 3084 et
207 3022 301 3087 certo
325 3040 532 3107 cognoscere
552 3016 671 3102 liceat,
700 3016 782 3106 quid
807 3000 851 3085 ad
880 3016 1019 3088 h'heram
1047 3020 1137 3089 illam
1156 3018 1204 3089 to

153 3140 381 3229 assensionem
395 3136 616 3205 adhihendaur
629 3136 858 3204 necessarium
871 3136 980 3204 fuerit
1017 3136 1204 3227 ltaquellcr

153 3257 279 3324 mestus
298 3259 333 3325 in
355 3280 415 3343 eo,
451 3256 543 3345 quud
562 3273 747 3344 peragrans
768 3252 1004 3345 Philosophiae
1027 3258 1204 3347 campumt

155 3372 403 3444 Introductione
432 3372 670 3461 Philosophica
695 3394 762 3440 non
787 3370 935 3461 loquitur
963 3374 1006 3442 de
1027 3380 1159 3462 gratiae
1179 3398 1204 3443 n

82 3507 84 3511 ’
157 3497 329 3577 cessitate,
351 3496 484 3562 minime
506 3491 800 3581 reprehendendus
815 3498 928 3560 est-
942 3492 1204 3581 reprehendens

155 3614 268 3699 potius
290 3618 401 3695 esset,
433 3614 464 3680 si
485 3613 614 3679 laceret
635 3650 695 3695 -,
728 3608 792 3677 sed
819 3610 885 3678 huc
907 3615 994 3680 satis
1015 3619 1089 3698 est,
1123 3637 1204 3683 omn

157 3732 263 3817 ipsius
284 3732 470 3799 sententias
492 3728 534 3797 dc
549 3728 628 3796 fidci
649 3727 781 3796 divinae
801 3736 931 3813 natura,
954 3732 1084 3819 origine
1108 3738 1147 3800 et
1169 3756 1204 3802 ee

156 3848 297 3915 titudine
326 3849 381 3916 vel
409 3851 559 3936 apprimo
588 3853 744 3914 constare
775 3868 851 3913 cum
878 3846 1033 3915 dochina
1061 3850 1204 3921 christia

159 3973 195 4032 et
215 3963 382 4033 ecclesiae
414 3967 570 4035 decretis.
614 3965 721 4032 Dico:
755 3970 973 4053 constare,
1004 3969 1040 4036 id
1069 3978 1149 4057 cst,
1180 3996 1204 4041 n

159 4104 344 4172 repugnare
366 4084 431 4151 ullo
453 4085 562 4153 modo.
607 4086 683 4151 llcc
698 4083 818 4152 saltem
838 4089 1079 4172 negativum
1103 4092 1154 4159 lta
1177 4112 1204 4161 et
