2514 4792
85 396 221 468 tritum?
262 398 358 465 llaec
379 398 498 481 omnia,
518 418 563 467 ux
583 396 707 485 quibus
729 402 801 465 tota
821 397 922 463 animi
941 400 1047 465 nostri
1064 402 1126 476 tru-

86 518 233 609 quillitas
253 522 290 584 ct
307 517 454 583 fortasse
475 522 547 584 tota
568 536 650 603 spes
676 522 793 583 nostra
812 515 956 603 pendet,
984 537 1048 583 nou
1097 503 1112 517 ”

86 658 212 727 sumus·
229 634 403 726 affinuare.
450 632 618 722 Equidem
646 633 812 721 benignus
839 640 896 703 est
920 655 1024 724 super
1046 634 1123 702 onrn'

86 744 201 840 Deus3
220 759 257 845 at
276 752 364 821 idem
385 758 440 821 est
460 758 599 820 sanctus
620 774 815 841 omnemque
826 755 1063 842 appetitionem
1075 752 1123 837 (vs

85 872 245 965 titionem)
266 871 377 941 officio
399 872 596 939 contrariam
617 877 799 939 aversatur.
843 872 911 939 Pro
925 894 990 941 sua
1004 870 1122 959 beniqu'·

85 997 158 1061 tate
178 988 370 1059 eam-nobis
398 988 592 1073 facultatem
613 988 722 1074 dedit,
753 995 792 1057 ut
812 989 916 1060 liceat
941 1011 1029 1059 esse.
1105 990 1112 1007 '

87 1116 123 1177 et
141 1112 176 1177 in
196 1109 261 1177 bac
282 1114 319 1178 ot
338 1112 373 1177 in
393 1109 498 1177 altera
526 1111 613 1175 vita:
644 1115 681 1176 at
707 1130 789 1177 vero
816 1111 849 1175 si
874 1108 968 1177 infidi
991 1108 1067 1177 facti

86 1250 161 1298 mus
190 1228 235 1295 ab
263 1249 373 1317 eoque
402 1228 603 1311 defecimus,
636 1248 679 1293 an
700 1227 809 1295 denuo
831 1230 972 1315 recipiet
991 1248 1064 1311 nos,

85 1343 175 1414 tristi
201 1348 405 1435 experientia
433 1346 545 1413 edocti
569 1346 614 1412 ad
635 1367 710 1413 cum
730 1344 953 1414 revertimur?
995 1348 1032 1415 ld
1047 1342 1122 1413 nclt

85 1463 227 1531 humana
255 1463 391 1554 quidem
416 1462 620 1550 benignitate
646 1463 865 1533 demonstrari
891 1468 1025 1552 potest,
1050 1458 1135 1560 nult¹

87 1584 187 1651 etiam
206 1584 316 1649 minus
338 1581 380 1649 dc
402 1581 522 1649 divina.
564 1584 653 1649 Nam
673 1585 740 1649 etsi
759 1582 845 1651 baec
865 1584 975 1649 maior
994 1588 1142 1669 estquau¹

88 1702 194 1767 omnis
213 1699 358 1767 humana
377 1698 585 1787 benignitas,
615 1708 727 1769 tumen
748 1700 865 1768 cadcm
893 1707 953 1768 est
979 1703 1122 1787 inconpre

86 1817 279 1903 beusibilis3
301 1824 478 1905 propterea
497 1838 567 1885 non
586 1820 684 1885 unius
704 1825 832 1888 tantum
852 1819 919 1887 sed
942 1820 1060 1887 omniun
1074 1816 1117 1883 lo

86 1938 210 2003 minum
230 1935 487 2021 beatitudinem,
518 1959 657 2026 eamque
678 1944 716 2004 ut
742 1936 814 2006 fieri
832 1944 953 2025 potest
978 1940 1119 2017 minuam

87 2053 154 2123 sibi
183 2058 391 2143 propositam
421 2052 539 2123 babet:
573 2061 731 2143 potestne
764 2058 864 2143 igitur
898 2056 1041 2127 humana
1066 2056 1127 2123 ratio

86 2174 191 2241 arctis
217 2170 376 2241 limitibus
404 2173 655 2261 circumscripta
680 2173 880 2261 intelligere,
911 2198 983 2265 qun
1008 2180 1060 2245 via
1077 2194 1129 2263 por

85 2289 272 2359 lectissime
297 2292 341 2358 ad
367 2288 466 2359 finem
493 2294 594 2359 istum
619 2295 784 2381 perveniri
811 2291 938 2380 queat?
954 2342 1029 2361 .....
1067 2291 1132 2377 Quo

86 2408 179 2474 circa
200 2408 244 2477 de
263 2406 316 2475 bis
337 2408 459 2493 rebus,
479 2412 545 2477 nisi
565 2432 660 2478 suam
680 2410 779 2479 fidem
799 2409 897 2492 Deus
918 2414 996 2501 ipse
1017 2415 1132 2500 usurp

86 2531 165 2623 nat,
196 2547 264 2593 non
293 2548 474 2615 possumus
501 2530 608 2596 arrimo
637 2551 716 2597 esse
744 2529 930 2617 tranquillo.
945 2531 1134 2621 ,ltaqueir

86 2663 216 2711 summo
237 2644 372 2733 fastigio
393 2645 480 2713 illius
504 2650 721 2739 cognitivum,
752 2648 796 2715 ad
817 2665 918 2735 quarn
939 2652 1136 2719 ratio-nostr

84 2763 244 2849 pertingit
268 2801 312 2815 -
338 2785 405 2830 non
432 2768 519 2831 enlm
543 2764 598 2831 bic
624 2767 748 2854 gradus
775 2765 862 2833 ullus
889 2772 1077 2837 continuari
1098 2788 1136 2857 pt

86 2885 168 2967 test,
190 2882 456 2971 quandoquidem
476 2906 537 2970 per
550 2884 798 2953 conclusionem
817 2888 1000 2973 positivam
1021 2910 1067 2957 ex
1083 2908 1137 2978 pro

84 2999 285 3089 prietatibus
311 3002 377 3070 Dei
398 3002 433 3069 id
454 3000 524 3068 fieri
551 3002 706 3087 deberet,
739 3006 829 3092 quod
850 3006 1058 3093 illegitimum
1082 3024 1139 3075 esu

88 3115 116 3206 d.
138 3119 360 3206 subsequenti
379 3121 559 3207 perspicue
581 3120 881 3191 demonstrabimus
901 3164 946 3177 -
965 3130 1001 3194 in
1022 3148 1139 3209 sumno,

85 3240 231 3328 iuquam,
252 3239 387 3327 fastigio
409 3237 463 3306 illo
485 3241 675 3306 necessitas
703 3242 988 3311 revelationis
1020 3266 1141 3335 super·

86 3355 293 3424 naturalis
321 3378 421 3445 quam
449 3359 590 3424 unanime
616 3361 752 3427 incurrit
778 3363 813 3428 in
840 3362 970 3441 oculos.
1015 3366 1093 3431 Nisi
1114 3362 1143 3429 dt

86 3472 190 3541 rebus
215 3474 280 3541 illis
306 3476 514 3563 gravissimis
542 3478 783 3565 supernaturali
812 3479 910 3547 modo
944 3482 1147 3563 edoceamur;

85 3594 120 3661 iu
141 3614 194 3677 ca,
220 3614 306 3680 quae
328 3615 416 3661 nunc
437 3594 598 3663 voluntati
625 3603 759 3665 nostrae
779 3597 947 3683 inhaeret,
973 3600 1149 3671 infirmitate

86 3711 131 3779 ad
150 3710 292 3779 honesta
312 3712 512 3798 perficienda
534 3720 568 3780 et
588 3717 810 3802 propensione
824 3717 868 3783 ad
883 3717 1065 3789 inhonesta
1084 3740 1151 3789 cxc·

86 3829 231 3918 quenda,
253 3833 449 3917 omninoque
472 3835 504 3897 in
527 3854 580 3915 co,
602 3855 669 3919 quo
691 3856 778 3901 nunc
800 3858 928 3919 sumus,
951 3843 1061 3925 statu,
1082 3860 1152 3929 qua·

86 3947 242 4037 licunquc
269 3949 529 4018 denrumcausn
556 3954 589 4018 in
610 3950 698 4018 bunc
725 3959 848 4047 statum
874 3953 962 4043 lapsi
989 3958 1155 4041 fuerimus,

86 4067 343 4157 haudquaquam
363 4091 544 4157 possumus
571 4092 679 4159 ncquc
709 4075 814 4161 quieti
836 4094 915 4141 csse
938 4075 982 4143 de
1010 4082 1156 4167 temporo
