2514 4792
390 548 700 637 oum
756 550 863 637 lv·

75 656 317 837 &iterium
344 733 521 821 originis
552 753 634 802 nou
662 730 837 801 divinae.
879 730 1048 804 Minime
1076 742 1159 807 sta·

75 874 155 941 tim
182 869 365 937 reiice-re
390 866 495 937 lieet
520 866 775 952 doctrinam,
804 868 843 935 si
869 868 1062 939 nonnulla
1089 877 1161 941 aut

75 990 219 1077 mu'l-ta
253 1004 465 1087 continet,
501 1024 609 1093 quae
644 1024 774 1093 supra
808 1002 1015 1071 rationem
1048 1012 1158 1074 sunt

75 1138 303 1229 Quomodo
342 1140 509 1207 iuterna
545 1140 811 1225 praestantia
852 1137 1076 1210 doctrinae
1110 1140 1160 1209 ad

116 1270 402 1375 ¹eredendum
421 1246 679 1361 propositae
701 1272 923 1342 aestimari
942 1270 1104 1343 debeat.

291 1508 456 1565 statuendus
470 1510 563 1582 itaque
579 1510 686 1565 videtur
701 1511 746 1565 hic
759 1512 835 1565 ordo.
870 1512 1160 1583 Primoquarrendum,

292 1616 328 1651 ss
344 1604 432 1651 rectae
449 1599 549 1649 rationi
566 1600 720 1650 adversetur
737 1598 849 1666 religio,
872 1615 953 1668 quem
975 1601 1088 1683 quirpue
1104 1620 1160 1655 uru-

290 1682 386 1753 plexus
403 1689 454 1736 est.
488 1682 519 1734 Si
536 1683 703 1745 adversatur,
727 1684 807 1754 plane
825 1684 858 1735 de
875 1685 962 1753 ipsius
977 1684 1089 1738 veritate
1105 1704 1161 1741 nou

291 1769 380 1821 solum
403 1767 580 1820 dubitandum
604 1774 661 1830 est,
687 1770 735 1822 sed
751 1771 781 1820 in
797 1771 884 1838 ipsum
906 1769 1030 1837 protinus
1047 1772 1161 1824 dicenda

290 1853 432 1905 sententia.
452 1852 483 1903 Si
499 1868 666 1922 nequaquam
683 1860 826 1923 repugnat,
844 1854 1024 1922 quaereudum
1042 1858 1160 1909 seeundo

293 1942 345 1997 est,
362 1954 426 1988 uum
443 1954 459 1987 ι
478 1937 536 1989 heo
551 1939 729 2006 processerit,
752 1955 786 1988 su
802 1953 865 1987 vero
883 1935 918 1987 uh
934 1935 1086 1991 hominihus
1102 1946 1160 1993 tuu-

294 2029 368 2083 mu,
391 2022 443 2075 hoe
458 2028 512 2082 est,
531 2028 622 2073 utrum
640 2023 741 2083 divine,
759 2039 794 2073 au
811 2018 927 2073 humanu
944 2023 1103 2076 auctoritate
1119 2026 1160 2078 iu·

296 2106 373 2161 ductu
390 2109 428 2162 rit
442 2108 492 2163 ills
508 2104 616 2175 religio.

470 2209 643 2264 Muromrtos
659 2214 693 2262 aa
709 2215 808 2276 topeo-
819 2214 922 2262 moder.
939 2207 987 2262 oo.
1005 2216 1031 2275 1,
1050 2224 1110 2277 cop.
1128 2208 1159 2265 d.
1213 2222 1215 2227 ·

169 2392 316 2461 Primum
334 2394 366 2461 si
386 2392 537 2462 doctrina
563 2392 607 2461 ad
626 2392 830 2463 credendum
856 2396 1028 2483 proposita
1055 2398 1161 2465 couti·

81 2516 182 2585 neret
213 2510 338 2601 aliquid
370 2512 525 2581 rationi
558 2519 738 2583 nostrae*
759 2514 849 2583 sive
884 2514 1162 2586 theoreticae

81 2636 183 2705 sive
210 2629 356 2698 morali
380 2630 505 2719 plane
537 2634 807 2719 contrarium3
840 2632 907 2701 hoc
926 2635 1037 2722 ipsum
1058 2634 1161 2703 docu-

82 2756 199 2821 mento
219 2750 309 2817 foret
328 2771 395 2818 nou
416 2772 521 2840 posse
543 2772 617 2818 eam
638 2750 796 2820 divinitus
819 2751 975 2820 traditam
989 2775 1079 2841 esse,
1099 2752 1162 2821 fal-

78 2891 196 2959 soque
216 2868 372 2937 affirmari
392 2867 550 2955 originem
576 2868 860 2957 supernaturalem
881 2870 1033 2937 divinam
1074 2874 1163 2951 Nam

84 2989 203 3074 Deus,
216 2969 219 2973 ’
232 2988 371 3056 Smmna
398 2990 498 3055 Ratio
519 2993 723 3075 nostraeque
751 2988 883 3054 Auctor
902 2988 1038 3056 rationis
1058 2990 1162 3056 idem·

80 3130 154 3201 que
175 3107 384 3193 verissimus,
403 3129 472 3175 non
484 3111 601 3196 potest
622 3124 737 3173 secum
750 3104 824 3193 ipse
838 3126 998 3194 pugnare,
1019 3098 1164 3193 ideoque

78 3202 191 3299 eoam
213 3247 359 3315 poscere
379 3226 468 3294 nullo
495 3227 594 3293 modo
615 3230 748 3313 potest,
784 3231 823 3291 ut
844 3223 1035 3307 credamus,
1071 3202 1191 3311 quoi'

79 3351 216 3439 pugnet
237 3367 313 3413 cum
332 3352 448 3414 nostra
468 3348 596 3414 ratione
616 3345 690 3412 sive
711 3343 896 3411 theoretica
917 3345 990 3412 sive
1000 3342 1161 3431 morant).

75 3510 297 3531 ρ..-

116 3624 143 3691 ⁰)
174 3617 333 3674 Hermeeius
349 3636 399 3689 per
414 3617 463 3670 has
480 3634 560 3670 voces
575 3614 647 3668 idem
660 3612 803 3683 siguificat,
821 3611 896 3683 quod
908 3612 941 3667 D.
956 3610 1071 3667 'ihomas
1080 3616 1163 3685 Aqui-

171 3721 236 3767 nas,
259 3703 465 3775 profundissimi
482 3704 586 3772 ingenii
602 3702 668 3763 Vir,
687 3700 844 3770 saepissime
860 3701 981 3750 nominat
997 3700 1162 3753 intellectum

168 3791 435 3858 speculativum
464 3794 491 3839 et
523 3786 736 3857 practicam,
766 3792 846 3853 sique
875 3784 927 3838 hoc
957 3786 1037 3836 modo
1068 3786 1164 3839 definit

172 3874 272 3937 (Prim,
289 3876 322 3929 P.
339 3875 462 3926 Summae
486 3871 581 3924 Theoi.
600 3889 645 3941 qu.
664 3868 702 3922 ⁷9
718 3872 776 3925 Art.
795 3870 859 3936 ss):
897 3869 1083 3931 „Intellectus
1100 3888 1161 3941 spe·

170 3961 309 4014 celsum
327 3967 377 4020 est,
396 3961 453 4029 qui,
472 3958 545 4027 quod
562 3955 748 4027 apprehendit,
766 3973 822 4008 non
840 3956 948 4009 ordinat
963 3957 998 4008 ud
1016 3972 1094 4024 opus,
1113 3957 1162 4008 scd

169 4046 209 4098 ad
227 4046 311 4097 solum
335 4045 455 4097 veritatis
480 4041 733 4094 considerationem:
763 4042 899 4110 practicus
922 4058 989 4093 vero
1007 4041 1162 4093 intellectus

167 4131 286 4192 dicitur,
310 4131 358 4201 qui
374 4129 441 4192 hoc,
467 4129 541 4198 quod
557 4126 751 4200 apprehendit,
770 4128 877 4179 ordinat
892 4127 928 4179 od
944 4143 1022 4198 opus.
1058 4125 1093 4178 Et
1109 4124 1161 4178 hoe
