2514 4792
87 392 294 483 praestantia
307 384 554 457 manumiss
574 392 694 473 virtus,
715 386 759 456 do
773 404 843 476 qun
862 406 972 477 supro
993 386 1148 475 (afleti)
1195 368 1198 379 ¹

88 513 176 579 satis
195 511 387 599 expositum
407 514 472 576 est
513 505 738 576 Profitebatnr
765 507 874 577 Jesus
904 504 1065 575 ebriam
1088 506 1147 577 lor·

88 632 209 697 trinam
236 652 332 697 suam
359 648 440 697 esse
474 648 575 695 vere
607 626 784 693 divinam
813 634 851 695 et
876 648 901 694 a
926 626 1024 699 Deo
1054 646 1152 695 uoto¹

88 752 215 835 ptam,
230 734 276 816 'se
287 750 398 837 ipsum
418 742 637 812 annuntiabat
654 742 845 833 legatum
864 742 958 832 Dei,
980 746 1043 835 qni
1060 730 1152 813 voli-²

89 868 201 933 setin
220 866 309 935 lume
329 865 498 950 mundnm5
518 870 558 932 ut
576 863 736 931 tenebras
756 862 911 953 pelleret,
938 886 1042 955 spem
1058 864 1151 935 (leion¹

88 990 159 1055 tam
180 988 335 1073 erigeret,
362 1006 383 1053 e
403 986 568 1052 servitute
587 986 723 1071 peceati
741 1004 806 1052 nos
825 982 1000 1071 liberaret,
1028 982 1151 1075 deniquo

89 1111 129 1173 ut
148 1127 192 1175 on
210 1107 322 1173 omnia
339 1108 546 1192 praestaret,
576 1122 716 1190 quorum
735 1102 1042 1190 indigentissimum
1066 1108 1100 1173 et
1114 1102 1151 1171 ῐι-

87 1228 160 1294 isse
188 1231 225 1294 et
255 1246 336 1293 esse
372 1244 480 1312 genus
506 1220 685 1291 humanum
715 1222 814 1289 fateri
845 1220 1016 1291 debemus
1050 1242 1151 1291 omnes

89 1341 181 1426 (Joh.
204 1347 243 1427 7,
265 1347 338 1429 1⁰3
367 1347 406 1428 8,
427 1346 499 1426 263
518 1343 584 1427 12,
605 1344 660 1409 Et)
681 1346 718 1409 et
737 1342 891 1428 passim.)
934 1340 1076 1411 Minime
1092 1362 1152 1432 gen·

89 1462 172 1526 tium
191 1460 278 1528 haee
300 1462 402 1529 effata
421 1462 600 1549 improprie
621 1465 680 1529 aut
698 1482 762 1549 per
780 1458 923 1547 ligonum
945 1460 1154 1529 dictionisau

91 1579 160 1666 eipi
178 1586 342 1667 possunt:
372 1579 408 1646 id
429 1581 516 1648 enim
537 1583 573 1645 et
593 1598 677 1644 sana
696 1576 855 1645 librorum
876 1582 1151 1649 sacr-mutu

89 1699 233 1784 pretatio
254 1702 351 1765 vetat
370 1704 407 1766 et
426 1697 507 1765 illud
526 1698 650 1784 ipsum,
687 1695 780 1784 quod
806 1698 925 1783 negari
954 1708 1031 1769 nnn
1053 1702 1151 1791 pout,

90 1836 213 1905 reapse
233 1818 268 1885 in
289 1817 377 1885 Jesu
389 1814 523 1884 Christo
544 1812 720 1883 habitasse
740 1816 899 1884 virtutem
920 1814 1104 1889 altioren
1117 1820 1148 1883 et

90 1934 458 2026 supernaturalem.
491 1933 563 2003 lam
577 1935 608 2001 si
622 1933 744 2002 fulsum
759 1954 839 2001 esse
850 1932 934 2002 illud
947 1936 1143 2007 testum

91 2060 264 2142 sumseris,
289 2055 440 2124 nimirum
459 2054 579 2140 Jesus,
609 2055 668 2142 qui
687 2074 751 2141 pro
771 2053 915 2120 seientia
942 2076 1018 2125 sua
1043 2056 1152 2125 auus

90 2171 151 2240 bili
171 2178 324 2262 ignorare
344 2195 413 2242 nou
433 2177 556 2263 potuit,
579 2171 688 2262 qualis
703 2173 827 2258 etipse
849 2178 947 2241 esset
970 2182 1013 2243 et
1034 2174 1160 2245 donum

91 2292 137 2360 ab
157 2295 233 2381 ipso
247 2294 381 2378 tradita,
402 2290 646 2361 existimandus
669 2295 725 2358 est
744 2288 1162 2363 fraudulentissimus

92 2415 129 2477 et
157 2413 432 2496 turpissimus
461 2413 686 2497 impostor,
721 2407 877 2497 idemque
908 2396 982 2480 non
1016 2412 1164 2483 humanm

91 2528 155 2597 sed
177 2528 434 2595 diabolicus.
476 2527 611 2595 Dixerit
631 2529 815 2615 quispiam:
836 2528 991 2599 fortasse
1012 2532 1095 2603 nibil
1112 2535 1164 2601 fnit

90 2654 325 2737 praeterquam
356 2647 472 2714 homo
505 2648 739 2733 fanaticus,
777 2649 835 2735 qui
867 2652 927 2715 aut
959 2672 1089 2723 revera
1113 2650 1167 2723 sibl

90 2766 261 2835 videretur
280 2766 414 2854 legatus
435 2746 513 2851 Ilei,
536 2748 595 2833 aut
615 2765 705 2834 bona
725 2764 792 2833 fide
812 2767 1003 2837 vindicaret
1024 2768 1096 2840 boe
1114 2769 1168 2839 sbi

89 2906 227 2970 nomeu,
262 2907 330 2974 quo
357 2882 617 2974 probabiliorem
643 2874 828 2952 doctrinam
855 2906 954 2952 snam
983 2884 1170 2959 bominibus

89 3003 228 3072 faceret
278 3002 384 3087 Quasi
413 3026 495 3073 vero
527 3004 614 3073 baec
645 3005 812 3072 sententia
841 3024 911 3072 non
939 3007 1010 3076 iam
1043 3013 1171 3100 ponitur

92 3122 327 3193 exeluderetur
344 3124 518 3212 prodigiis,
540 3122 664 3214 quibus
687 3122 810 3191 elatrnn
830 3146 922 3210 sese,
942 3131 984 3194 ut
1004 3134 1112 3198 antea
1130 3132 1174 3197 vii

92 3240 210 3326 dimus,
232 3264 336 3333 supra
349 3264 457 3332 genus
470 3242 771 3319 humanumoesuo
793 3241 1025 3332 deelomrit⁸).
1067 3246 1176 3318 Alter·

133 3500 154 3564 ¹)
177 3497 257 3550 Mitto
275 3504 340 3562 ulia,
360 3517 428 3570 quae
440 3497 506 3553 bnie
518 3504 664 3555 sententiae
674 3502 853 3570 maximopere
865 3501 1052 3569 adversantur,
1073 3506 1178 3557 etiarnsi

178 3589 389 3653 supernaturalis
405 3588 492 3638 virtus
510 3585 576 3638 Jeou
594 3586 702 3639 Christo
719 3587 863 3638 tribuendo
880 3586 1000 3639 nonium
1017 3587 1050 3639 ln
1067 3608 1178 3644 consum

179 3669 292 3721 reniret.
328 3673 502 3724 Faustismus
526 3684 676 3740 qunmsu'a
692 3678 790 3725 natura
805 3672 910 3723 minuat
926 3688 959 3725 au
974 3674 1126 3741 perturber
1140 3678 1179 3730 ln-

178 3754 289 3817 ‹licinm‚
308 3749 388 3827 atque
404 3759 575 3827 importunus
594 3758 641 3822 rit,
664 3758 746 3825 idque
764 3772 796 3808 eo
813 3759 911 3826 magis,
930 3772 984 3827 quo
1001 3758 1123 3816 altiores
1139 3781 1179 3815 rs·

179 3840 253 3891 dices
271 3843 335 3908 epit,
354 3860 410 3894 non
426 3848 518 3912 potest
536 3843 630 3902 celari,
653 3843 702 3894 scol
718 3842 800 3895 iaoile
816 3860 846 3894 se
862 3843 957 3913 prodit
978 3846 1054 3898 etin
1074 3851 1180 3919 opinio·

177 3924 258 3977 uibus
277 3932 304 3977 et
319 3928 348 3978 in
365 3929 435 3979 vitae
453 3927 572 3985 oofione.
607 3926 660 3979 Ubi
677 3928 795 3988 taudem,
814 3930 871 3980 sive
888 3929 971 3980 vitan
986 3927 1058 3983 Jesu
1077 3934 1182 3988 Christi

177 4012 234 4062 sive
258 4012 397 4063 doetrinae
422 4013 456 4063 ab
475 4030 506 4065 eo
524 4014 640 4065 traditae
662 4013 801 4081 ingenium
826 4021 854 4066 et
874 4020 995 4067 tenorem
1020 4020 1181 4075 considera·

179 4112 254 4156 mus,
282 4097 324 4151 vel
341 4097 508 4153 levissimum
525 4099 589 4157 talis
607 4097 760 4162 ianrtirmi,
780 4101 868 4170 qnolis
886 4102 1021 4156 interdum
1040 4107 1119 4176 apud
1136 4106 1184 4163 bo·
