2514 4792
484 230 685 311 ¹vu.

67 442 146 495 rem
171 414 345 513 inducant,
371 400 499 513 urgme
525 420 686 496 omnibus
710 418 836 519 modis,
864 428 901 495 ut
915 417 1053 495 tandem
1069 378 1141 498 ali·-

68 551 207 654 quando
232 551 399 627 deserant
422 555 591 627 rationem
615 552 800 654 Magna-i,
827 558 859 629 si
885 580 991 632 curae
1017 559 1139 637 cordi-

66 715 134 790 que
159 688 308 763 habeant
339 684 489 764 salutem
515 688 704 775 ecclesiae.
762 688 895 767 Contra
920 690 1013 791 quod
1039 694 1138 769 Her·
1167 734 1172 753 ν

64 825 213 902 mosiani
239 816 318 899 non¹
331 822 437 899 modo
462 846 530 899 non
555 834 702 927 nogant,
743 827 809 902 sed
843 828 1077 905 disertissime
1103 843 1140 906 et

64 972 135 1037 udo
172 982 236 1037 ore
276 958 448 1063 aiiirmant
479 958 674 1037 damnatam
708 987 730 1037 a
761 960 995 1041 sanctissimo
1029 967 1139 1041 Patre
1184 1064 1188 1070 Ι

65 1097 260 1174 doctrinam
292 1116 418 1192 reapse
448 1093 677 1173 damnandam
710 1122 811 1173 esse:
850 1108 886 1173 at
917 1099 1023 1175 iidem
1049 1124 1137 1177 con-

62 1231 211 1309 tendunt
242 1227 435 1307 damnatam
468 1229 660 1309 doctrinam
687 1242 759 1307 toto
793 1232 894 1307 coelo
921 1234 1064 1307 differre
1091 1240 1135 1311 ab

62 1367 315 1462 Hermesiana,
355 1373 428 1439 toto
461 1363 562 1441 coelo
595 1367 736 1443 differre
764 1370 807 1441 ab
834 1396 898 1468 ea,
934 1395 1035 1467 quarn
1068 1374 1137 1470 ipsi

63 1500 307 1601 profiteantur,
338 1501 491 1575 maxime
519 1500 746 1579 deformatam
772 1505 952 1580 llermcsii
977 1506 1135 1581 Herme-
1249 1539 1254 1547 ·

61 1643 307 1734 sianornmque
343 1637 530 1731 imaginem
568 1634 803 1714 Sanctissimo
843 1640 945 1715 Patri
984 1642 1136 1717 oblatam

60 1799 154 1873 esse.
207 1771 427 1846 Adversarii
450 1773 519 1844 ista
545 1778 659 1847 onrnia
677 1799 745 1850 non
766 1786 898 1876 curant,
924 1777 1134 1853 navascla-

58 1933 175 1985 mones
208 1904 353 2007 tollunt,
391 1906 565 1989 interdum
597 1914 697 2006 quasi
723 1910 983 2009 ldpiscoporum
1009 1925 1134 1989 aucto-

60 2049 163 2119 ritate
190 2042 338 2140 praediti
364 2039 495 2117 littoris
526 2045 720 2119 minacibus
747 2046 790 2119 ad
822 2051 922 2143 ipsos
948 2048 1136 2121 Harmesi-

64 2202 150 2252 nnos
176 2183 293 2252 missis
316 2182 482 2273 rationem
509 2174 703 2275 postulant,
739 2179 821 2278 quid
854 2178 972 2255 rerum
998 2198 1131 2279 agatur.

56 2315 283 2389 Hermesiani
307 2311 452 2390 illorum
484 2319 666 2413 opiaiones
693 2312 870 2389 ecclesiae
895 2316 1131 2417 periculosis-

56 2456 167 2525 simas
192 2460 228 2524 et
252 2453 538 2549 perniciossimae
569 2449 701 2525 habere
733 2474 801 2525 non
835 2451 1023 2527 desierunt.
1081 2453 1131 2524 ira

56 2583 192 2659 bellum
215 2583 397 2685 paulisper
422 2584 710 2683 sedatumdenuo
726 2597 761 2659 et
773 2587 1014 2662 vehementius
1029 2612 1132 2686 quarn

54 2723 201 2811 antehac
227 2722 366 2797 videtur·
392 2720 629 2795 exardescere
662 2718 770 2796 velie.

40 2922 49 2946 ,
156 2859 237 2934 Ηοο
261 2882 382 2935 rerum
414 2865 508 2931 statu
541 2858 629 2928 satis
664 2853 862 2931 turbulento
889 2882 932 2931 ac
965 2855 1129 2933 luctuoso

53 2992 142 3069 utile
165 3003 202 3068 et
226 2994 410 3071 honestum
435 2994 513 3067 fore
540 2994 753 3090 existimavi,
781 2996 811 3064 si
839 2992 976 3067 Latinis
1001 2991 1129 3065 littoris

50 3140 91 3234 et
111 3120 294 3203 Hermesii
318 3130 700 3222 Hermesiauorumque
727 3126 920 3203 doctrinam
946 3137 982 3199 et
999 3124 1129 3215 adver—

21 3250 225 3345 'san'orum
250 3263 382 3364 placita
406 3266 595 3361 perspicue
622 3285 847 3358 exponerem.
901 3258 1009 3336 Certe
1035 3266 1127 3333 onim
1178 3310 1190 3335 =.

51 3395 310 3501 SanctisSImus
335 3392 446 3477 Pater
472 3405 550 3489 veri
582 3402 739 3497 rectIque
771 3402 1029 3473 amantissimus
1061 3408 1127 3495 ast,

48 3547 149 3613 certe
175 3560 298 3611 omnes
323 3534 418 3613 filios
444 3560 530 3611 suos
561 3535 687 3610 eadam
722 3538 867 3609 caritate
895 3530 1128 3631 amplectitur,
1241 3554 1250 3573 ‘

46 3673 202 3772 ideoque
234 3669 331 3746 velle
357 3694 426 3746 uon
456 3680 572 3768 potest
604 3667 679 3745 uilo
706 3682 826 3767 pacto,
859 3694 973 3767 neque
998 3676 1038 3742 ut
1061 3692 1128 3743 nu-

46 3811 293 3893 merosissima
319 3806 444 3886 schola
469 3808 713 3902 Hermasiana,
742 3809 878 3877 etiarnsi
906 3830 1032 3878 revera
1057 3818 1129 3877 toto

49 3947 168 4019 anirno
209 3941 372 4043 repudiat
407 3940 598 4017 doctrinam
639 3942 851 4039 daumatam,
893 3919 1007 4015 tannen
1039 3941 1129 4011 tueri

49 4081 161 4157 iatam
186 4100 237 4157 ac¹
255 4102 452 4181 propagare
471 4107 491 4153 a
509 4078 630 4155 multis
657 4076 832 4178 credatur,
859 4099 972 4173 neque
998 4083 1036 4149 ut
1063 4070 1133 4145 ad-
