2596 4778
170 210 266 326 nent,
292 261 335 309 ne
356 238 485 309 credito
506 237 582 308 Silii
601 224 823 327 Apostolatns
850 238 961 307 officie
981 259 1025 307 ae
1046 259 1208 311 saera-r

171 377 282 445 nancti
311 374 407 441 Fidei
434 373 578 463 depositi
612 374 823 442 custodiendi
851 375 979 440 muneri
1012 373 1208 461 deesset*

171 512 285 578 statim
305 530 457 593 curasse,
479 514 517 575 ut
537 508 705 581 Hennesii
726 529 828 594 opera
849 508 892 575 ad
913 505 1078 581 Sanctam
1099 510 1162 579 Se·
1185 541 1208 557 ⁶

173 645 249 713 dem
273 647 483 720 mitterentur
511 644 744 727 examinanda3
780 642 870 729 qued
898 649 934 710 et
959 644 1086 711 facturn
1109 646 1164 713 sit.

106 868 110 875 ³
171 779 264 850 Esse
296 786 407 848 autem
438 783 630 868 sequentia:
674 782 709 844 1.
741 775 1023 846 introductionem
1052 748 1181 848 Philo-²

172 915 348 1004 sophiram
368 918 402 982 in
423 913 638 1001 theologiam
660 913 1062 983 christiano-catholicam.
1090 917 1165 984 Mo·

173 1056 260 1117 nant
284 1054 401 1117 1819.
447 1053 482 1117 8.
514 1046 772 1115 Introductionis
793 1048 963 1116 Positivae
984 1050 1120 1117 Partem
1139 1050 1165 1118 1.

173 1142 319 1251 Monuit.
343 1186 458 1250 1829.
513 1185 550 1249 a
577 1182 797 1270 Dogmaticae
829 1182 1166 1253 christiano-catholi-

174 1337 237 1385 cae
268 1319 402 1385 Partem
421 1317 446 1383 Ι.
494 1316 646 1423 -Menast
670 1320 785 1384 18:311.
834 1317 908 1384 Hos
935 1321 1035 1407 igitur
1060 1319 1167 1389 libros

174 1451 260 1519 tradi
279 1453 423 1519 iussisse
446 1448 703 1519 Sanctissimnm
724 1452 857 1537 Patrem
877 1451 1060 1542 Theolngis
1082 1454 1166 1523 Ger·
1189 1476 1197 1483 ··

173 1586 322 1655 manicae
343 1582 475 1672 linguae
501 1560 712 1673 peritissimis
740 1588 827 1653 omni
848 1606 892 1654 ex
911 1593 1008 1675 parte
1029 1588 1168 1677 dirigen-

174 1721 305 1788 tissime
325 1719 601 1807 perscrutandos,
623 1724 681 1808 qni
700 1700 881 1809 praecipua
901 1739 946 1787 ex
959 1720 1088 1803 eisdem
1108 1745 1169 1791 no·

174 1855 277 1924 tanda
297 1854 374 1923 loca
388 1859 621 1944 excerperent,
642 1853 741 1943 longo
755 1857 866 1939 etiam,
888 1855 920 1922 ei
933 1874 1019 1941 opus
1032 1855 1169 1943 fuisset,

173 1989 338 2059 orationis*
360 1997 489 2075 tractu,
520 1993 620 2079 prout
640 2008 801 2056 sensuum
820 1988 1064 2077 verborumque
1087 2013 1168 2059 con-

173 2129 291 2193 textus
324 2127 460 2213 exigere
491 2123 677 2208 videretur,
710 2142 817 2211 eaque
844 2125 880 2190 in
904 2122 1039 2191 latinum
1063 2145 1166 2190 versa

174 2259 344 2324 accuratis
364 2262 520 2329 notarent
540 2257 896 2325 animadversionibus.
941 2254 1033 2339 Quae
1054 2258 1168 2323 omnia

177 2388 296 2459 sedulo
325 2395 361 2458 et
388 2388 692 2457 consideratissime
719 2390 794 2458 illos
820 2395 1044 2478 praestitisse
1065 2400 1169 2481 atque

177 2545 253 2602 cum
276 2500 349 2593 iam
374 2522 511 2613 vulgata
537 2526 626 2591 fama
653 2524 793 2592 inveniri
817 2529 948 2594 omnino
970 2529 1169 2597 concordes.
1194 2542 1205 2557 ⁴

174 2657 355 2728 Praeterea
382 2657 500 2726 eadem
532 2665 692 2747 excerpta
717 2659 794 2727 loca
820 2683 885 2727 una
908 2682 984 2727 cnm
1005 2664 1170 2729 censoriis

175 2800 429 2877 memoratorum
449 2794 693 2882 Theologorum
711 2794 937 2863 notationibus
952 2796 1074 2877 tradita
1090 2819 1171 2864 esse

180 2927 254 2997 aliis
283 2929 383 2997 etiam
409 2949 438 2996 s.
460 2928 664 3017 'theologiae
691 2929 864 3018 Magistrie
892 2929 935 2997 ad
971 2929 1170 2999 catholicam

176 3065 337 3134 trutinam
356 3064 476 3129 iterum
496 3034 703 3149 reveeanda3
731 3071 767 3133 et
787 3086 903 3132 omnes
925 3066 1068 3131 unanimi
1090 3086 1169 3132 eon·

35 3200 39 3207 “
176 3200 332 3265 sensione
355 3197 593 3265 convenissez.
607 3196 671 3264 illis
692 3200 727 3263 in
753 3196 838 3263 loeis
861 3200 1023 3277 contineri
1045 3198 1169 3269 doetri-

175 3352 238 3398 naa
274 3330 424 3399 absonas
458 3352 480 3397 a
509 3330 746 3433 catholicarum
778 3336 953 3401 veritatum
985 3334 1170 3420 principiis,

175 3462 269 3553 plura
290 3470 427 3553 reperiri
447 3488 621 3556 perperam
643 3465 823 3553 disputata,
843 3466 938 3554 plura
954 3489 997 3534 ex
1012 3467 1168 3554 ambiguo

177 3598 284 3684 dieta,
317 3600 411 3691 plura
438 3602 620 3692 flexiloqua
636 3601 683 3670 'et
704 3602 850 3669 obseura
873 3600 916 3667 ad
937 3600 1170 3689 irnplieandarn

137 3722 139 3727 ’
177 3739 213 3799 et
233 3736 412 3803 vitiandam
442 3702 679 3806 catholicorum
706 3737 895 3824 dogmatum
921 3735 1169 3824 intelligentiam

145 3855 147 3859 ’
178 3872 249 3935 arte
272 3873 307 3935 et
328 3873 406 3958 apte
429 3873 625 3940 concinnata
648 3878 683 3939 et
703 3870 932 3959 utplurimum
955 3893 998 3939 ex
1019 3846 1168 3939 Anatho·
