2514 4792
165 465 229 535 scd
248 466 348 535 etiam
367 468 485 532 natura
504 483 568 557 aaa
588 462 700 533 differt
718 462 770 532 ab·
782 463 938 550 humana,
955 465 1012 533 ita
1031 465 1187 553 quidemst
1235 486 1252 537 o

163 584 268 668 haec,
297 604 384 672 quae
403 580 490 649 illius
511 582 676 671 analogon
693 589 768 671 est,
793 586 852 650 vix
871 590 986 651 tamen
1005 584 1189 672 analogonsit
1236 612 1252 675 p

163 708 201 771 et
225 700 305 769 nihil
330 705 563 789 praeterquam
588 701 714 770 infirma
740 701 904 790 quaedam
931 699 1063 790 analogi
1086 703 1188 789 species
1236 710 1252 771 to

163 821 277 907 Atque
302 816 368 886 hoc
392 818 482 888 idem
508 817 551 887 de
578 819 715 909 reliquis
752 818 959 903 dicendum·
975 839 1064 907 quae
1088 824 1191 885 suntor
1236 847 1252 909 p

163 937 283 1005 codem
302 957 434 1025 genere.
476 935 652 1004 Hactenus
673 938 774 1024 igitur
793 936 874 1004 nilril
895 922 1027 1024 reperio
1046 936 1130 1026 apud
1137 936 1191 1003 ller
1237 948 1252 1005 n

162 1057 311 1139 mesiam,
332 1055 425 1150 qnod
444 1076 512 1123 non
531 1075 733 1145 magnopere
753 1055 832 1125 milri
852 1055 1024 1142 probetur.
1066 1052 1192 1145 Qudne

161 1179 230 1242 tem
252 1173 421 1242 concludit
439 1173 648 1257 Hermeios,
669 1169 887 1265 Theologia'm
915 1172 1192 1263 speculativanart

161 1292 440 1360 mittendam-aut
469 1296 562 1359 certe
588 1310 657 1358 non
678 1290 765 1359 adeo
790 1294 904 1379 magni
928 1291 1093 1381 ponderis
1110 1288 1190 1359 nto
1247 1290 1252 1352 l

57 1407 62 1412 ’
91 1450 93 1455 ·
162 1406 239 1478 dam
259 1431 351 1494 esse,
381 1409 417 1476 id
436 1408 517 1476 mihi
535 1411 726 1497 speciosius
748 1431 848 1497 quam
867 1412 982 1478 verius
1002 1410 1133 1510 videtur
1144 1427 1195 1476 oon

162 1525 308 1593 cludere.
350 1527 460 1594 Recte
487 1526 702 1596 concluderet
729 1527 794 1595 sub
816 1527 881 1596 hac
903 1527 1111 1611 conditioncr
1137 1525 1202 1595 side

162 1645 282 1713 divinis
309 1643 498 1712 actionibus
523 1644 852 1735 proprietatibusque
879 1646 1041 1737 idrrnum
1066 1646 1159 1716 nolris
1172 1647 1206 1711 iu

162 1763 275 1833 dicare
295 1762 429 1848 liceret,
451 1784 531 1833 esse
553 1764 654 1832 etiam
680 1762 887 1851 qualitate
915 1761 1115 1833 diversas
1134 1784 1209 1831 ano

161 1884 242 1951 stris
263 1880 416 1950 similiter
433 1885 687 1970 cognominatis,
708 1881 774 1951 hoc
789 1888 856 1967 est,
874 1883 1214 1971 imperfectionem

159 1994 449 2090 qualitativam
474 1979 574 2069 uoltis
602 1999 899 2068 adhaerescentem
919 2022 1004 2089 non¹
1028 2001 1215 2069 caderein

110 2196 113 2203 ⁴
159 2118 281 2199 Deum.
322 2120 412 2187 Num
432 2120 533 2209 igitur
547 2118 801 2187 subsistendum
821 2124 877 2186 est
896 2121 931 2217 in
950 2116 1008 2187 lris
1026 2121 1149 2189 meris
1165 2136 1213 2184 nc·

160 2226 430 2324 gat'ionibus?
471 2235 574 2305 Immo
600 2239 685 2305 ratio
707 2243 841 2321 nostra,
863 2236 976 2325 siquid
995 2235 1116 2321 video,
1137 2240 1169 2303 ct
1182 2252 1212 2301 ex

160 2356 234 2443 spis
261 2356 433 2444 principiis
463 2362 501 2424 et
520 2353 724 2424 revelatione
755 2355 842 2426 duce
875 2375 925 2422 ac
947 2356 1114 2443 magistra
1142 2353 1210 2421 ideas

113 2455 118 2460 ¹
158 2472 325 2556 informat,
346 2472 468 2559 quibus
490 2470 701 2542 includuntur
722 2474 823 2541 etiam
843 2477 966 2541 notae
988 2474 1156 2563 quaedam
1170 2491 1214 2560 po

160 2591 314 2657 sitivae
336 2592 443 2677 ipsam
463 2592 532 2673 vim
552 2595 588 2657 et
605 2598 760 2691 naturam
786 2594 877 2677 eius,
902 2590 995 2680 quo'd
1014 2593 1052 2668 in
1067 2590 1149 2683 ,neo
1168 2595 1219 2672 est,

160 2707 402 2796 quodammodo
425 2708 663 2794 significantes.
705 2709 820 2779 Etiam
839 2711 1056 2795 Hermesius,
1085 2712 1153 2779 etsi
1174 2710 1219 2776 mi·

109 2841 110 2844 ’
159 2847 224 2895 nus
245 2826 391 2893 fortasse
420 2831 533 2911 curet,
566 2848 667 2915 quam
694 2830 859 2915 oportuit,
890 2835 1003 2897 tamen
1023 2830 1158 2897 minime
1176 2848 1220 2895 ne

160 2922 255 3033 gligit
275 2943 338 3011 lras
359 2944 458 3010 notas
478 2945 661 3031 positivae,
684 2966 728 3013 ex
749 2945 893 3033 quihus,
915 2950 1168 3045 comparatione
1183 2949 1220 3012 in-

84 3140 88 3161 Ι
161 3067 296 3147 antula,
319 3060 461 3131 efficitur
482 3063 628 3149 demum,
657 3069 696 3131 ut
716 3066 800 3133 ratio
828 3065 982 3161 indicare
1004 3064 1133 3135 debeat
1157 3083 1222 3133 esse

163 3180 383 3271 differentiam
403 3179 574 3269 qualitatis
601 3185 689 3251 inter
716 3182 860 3250 divinam
887 3189 923 3251 et
942 3182 1123 3251 humanam
1147 3203 1223 3251 men·

159 3303 238 3377 tem.
279 3297 354 3384 Sic,
383 3303 422 3365 ut
441 3305 591 3368 revertar
611 3300 655 3367 ad
683 3298 870 3389 exemplum
890 3322 994 3389 supra
1014 3306 1225 3391 propositum,

159 3423 275 3486 nostra
292 3418 435 3497 ,intuitio
467 3420 511 3505 ad
542 3418 618 3489 sola
648 3417 879 3507 phaenomena
907 3423 1072 3508 pertinet,
1105 3442 1173 3488 non
1190 3416 1226 3486 ad

158 3535 253 3621 ipsas
280 3534 490 3604 substantias
519 3544 555 3606 et
581 3539 672 3605 vires
701 3536 891 3605 effectrices
918 3535 1248 3629 phaenomenoruml

159 3632 400 3740 Negatratio
429 3653 517 3723 hanc
544 3654 830 3743 imperfectionem
857 3655 1088 3744 qualitativam
1116 3658 1229 3725 cadere

159 3772 194 3836 in
213 3770 351 3863 De'um3¹
372 3778 408 3840 at
436 3773 554 3841 eadem
589 3773 776 3842 affirmat
803 3754 998 3843 necessario
1028 3773 1134 3843 talem
1160 3796 1231 3845 esse

158 3888 364 3954 intuitionem
384 3890 539 3975 divinam,
560 3898 607 3960 ut·
619 3895 713 3981 ipsas
735 3895 835 3961 etiam
852 3891 1066 3963 'substantias
1087 3900 1127 3961 et
1148 3897 1233 3963 vires

134 4064 139 4083 -.
160 4002 438 4122 comprehendat,
462 4013 661 4099 perspiciat,
682 4017 846 4099 penetret
890 4012 987 4081 llaec
1008 4016 1126 4079 autem
1145 4018 1233 4095 nota,

43 4162 48 4172 .
159 4144 260 4210 quam
281 4124 411 4212 etipse
431 4126 629 4199 Hermesius
651 4136 904 4216 commemorat,
924 4131 1056 4199 minirne
1076 4134 1234 4221 negativa
