2514 4792
567 280 623 345 79

89 552 92 559 Ι
136 459 308 545 gumentis
327 478 395 525 non
414 480 437 526 a
457 460 532 528 sola
551 464 680 531 ratione
699 466 814 551 petitis
834 464 897 533 sed
925 470 1126 549 extrinse-

94 628 112 639 ..
140 596 220 644 cus
245 574 369 643 oblatis
398 585 605 666 appareat
630 580 708 649 lidei
733 584 972 653 necessitas
1001 608 1125 656 mora·

90 740 93 747 -
134 692 209 778 lis,
235 694 302 761 lroc
324 700 396 779 est,
426 700 466 763 nt
494 696 611 765 clara
632 696 913 785 intelligentia
932 702 1126 791 imbuamur,

130 818 313 903 propter
338 814 493 880 motiva
520 820 694 884 externa
722 821 757 883 et
784 815 1125 891 divinam-doctrinae

128 930 338 1009 chistianae
358 932 519 1019 originem
539 938 577 1001 et
595 932 727 1021 singula
747 954 901 1021 quaeque
921 937 1007 1005 Jcsu
1030 936 1124 1007 Cirri-

128 1052 182 1119 sti
217 1048 319 1117 allata
352 1070 430 1117 enm
463 1049 609 1120 morali
650 1056 914 1124 necessitate
956 1056 1124 1127 credenda

126 1189 226 1237 esse.
748 1189 751 1196 ·
1005 1212 1009 1221 ·

198 1287 251 1353 nt
270 1286 302 1351 si
321 1282 412 1351 clarc
438 1283 649 1371 intelligimus
677 1285 801 1385 aliquid
828 1309 905 1357 eum
929 1287 1045 1357 morali
1064 1312 1122 1359 ne·

128 1406 298 1473 comitate
324 1402 527 1471 credendum
555 1424 635 1471 esse
662 1411 801 1493 propter
826 1409 986 1475 motivum
1012 1414 1122 1477 exter·
1245 1458 1248 1463 -

127 1544 221 1607 num,
251 1522 399 1609 inprimis
424 1528 563 1608 proptor
589 1525 821 1590 auctoritatem
851 1525 1013 1613 divinam3
1044 1525 1121 1595 bac

123 1640 269 1731 quidem
294 1638 588 1725 intelligentia
608 1661 686 1707 non
713 1642 921 1728 efficitur,
953 1652 1124 1734 nequent

119 1762 162 1831 id
183 1763 314 1849 ipsum,
341 1756 433 1845 quod
454 1757 499 1823 ad
514 1744 722 1826 credendum
741 1765 950 1848 propositum
970 1769 1041 1849 est,
1062 1786 1122 1832 ra·
1251 1846 1256 1858 Ι

120 1883 251 1949 tione
281 1882 429 1945 nostra
455 1877 762 1963 perspiciamus
790 1885 833 1947 et
858 1879 1120 1966 comprehen-

75 2058 81 2065 .
124 1998 291 2081 damas,
310 2016 422 2083 neque
443 2001 481 2061 ut
500 1994 680 2081 physice
701 2014 893 2081 cogamur
918 1994 1120 2066 adbibere

127 2092 269 2183 finan.

203 2230 245 2303 ld
261 2232 371 2315 siest,
391 2253 454 2319 per
467 2229 780 2299 demonstrationem
799 2226 900 2313 illam,
921 2250 1020 2317 quam
1034 2230 1119 2299 ller-
1184 2230 1187 2235 ’

126 2352 263 2429 mosius¹
287 2350 393 2418 voluit
418 2355 499 2437 post
529 2347 614 2415 alios
635 2344 827 2433 Theologos
853 2348 1120 2435 innumerabiles,

121 2490 261 2557 neque
295 2470 560 2534 convertitur
584 2464 696 2534 fides
722 2464 863 2533 divina
888 2466 930 2533 in
954 2464 1117 2537 theore-

118 2611 185 2657 ma
204 2584 559 2675 philosophicum,
580 2606 713 2673 neque
735 2582 956 2673 quidquam
982 2587 1116 2654 offici·

117 2716 193 2775 tur
224 2704 433 2787 libertati,
467 2725 601 2791 neque
624 2702 863 2771 excluditur
887 2700 972 2771 ullo
999 2705 1116 2773 modo

112 2826 260 2915 'gratia
289 2824 441 2891 divina

191 2944 272 3010 Non
297 2943 398 3028 igitur
423 2939 620 3005 Hernresius
647 2944 811 3036 repugnat
837 2936 1008 3015 doctrinae
1029 2936 1115 3006 cbri-

118 3065 256 3130 stianae
278 3066 336 3126 aut
358 3057 525 3126 ecclesiae
548 3054 732 3122 catholicae
754 3053 909 3121 decretis

75 3358 79 3369 .
108 3300 182 3367 ruit
212 3296 336 3365 Vester
366 3295 420 3362 ille
452 3264 668 3382 syllogismus
706 3288 887 3373 acervalis‚
928 3294 965 3356 et
995 3311 1113 3358 nursus

75 3417 210 3487 nclusio
241 3414 384 3482 efficitur
414 3411 512 3506 plane
545 3413 708 3480 conanda
741 3412 790 3493 ei,
828 3430 929 3496 quarn
959 3408 1032 3476 Vos
1061 3411 1111 3476 in-

75 3539 171 3606 istis.

106 3648 290 3738 Numquid
318 3652 352 3715 in
371 3653 503 3736 promtu
524 3651 589 3728 est,
611 3665 678 3732 quo
700 3646 877 3712 videamini
895 3643 1003 3711 Vobis
1024 3643 1111 3713 lranc

75 3780 183 3841 stram
204 3769 519 3855 argumentationem
539 3765 727 3850 infringere,
749 3762 905 3830 Vestram
919 3770 1109 3850 sustentare

77 3887 164 3959 sse?
196 3883 293 3972 „Qui
315 3887 434 3952 rationi
455 3883 571 3950 tribuit
592 3880 791 3947 diiudicandi
812 3883 1026 3967 provinciam,
1049 3886 1108 3950 sit-

81 4058 93 4095 ,
117 4027 229 4074 annon
251 4007 307 4087 sit,
331 4001 500 4070 credibilis
522 4002 673 4068 doctrina
695 3996 894 4101 cbristiana‚
917 4001 947 4066 is
969 4003 1106 4069 rationis

75 4088 265 4213 cleritatem
286 4123 491 4208 superiorem
505 4121 587 4185 facit
601 4118 799 4219 auctoritate
821 4117 964 4184 diuina.“
1006 4117 1103 4184 Pror-
