2514 4792
135 442 275 495 nrannus
296 422 363 487 non
384 414 492 483 solum
513 412 669 500 proponit
701 402 1195 493 „Demonstratioucmre
1235 394 1256 450 Ι

136 542 268 633 ligionis
297 535 497 603 christianae
519 537 555 599 et
575 525 800 618 catholicae,“
836 523 1028 591 sedetiam
1050 516 1199 608 syllogi

138 661 287 727 sticum
322 650 569 720 demonstrandi
597 645 743 713 'formam
773 646 931 726 revocat,
966 658 1087 726 neque
1115 644 1202 707 nm
1248 644 1256 649 '

138 740 317 864 propterea
338 774 484 851 veretur,
505 787 548 833 ne
570 764 670 833 fidem
691 762 836 831 divinam
857 760 1101 826 comentariu
1122 756 1206 842 „tire-
1244 748 1256 822 a

139 913 277 963 oroma
312 884 678 976 philosophicum“
714 884 774 947 aut
802 878 838 944 iu
874 874 1211 960 „conclusiones
1243 878 1256 921 l

140 1011 281 1082 exacti
303 1003 582 1093 syllogismi.“
625 994 736 1081 Quint
757 992 1213 1081 idemltiebermannusluer

140 1127 245 1198 hahet
264 1127 299 1191 in
320 1124 414 1191 Tom.
435 1121 460 1187 L
482 1140 559 1208 pag.
581 1120 652 1185 aa:
672 1111 876 1199 „Quamvis
902 1110 985 1179 fidei
1012 1117 1159 1181 nostae
1176 1132 1229 1181 as·

142 1220 266 1316 sensus
293 1244 351 1308 uni
376 1241 500 1306 nitatur
528 1236 717 1303 auctoritati
743 1232 891 1316 divinum
925 1234 964 1298 et
990 1234 1141 1320 propria
1159 1230 1220 1299 fidei

17 1425 21 1431 .
144 1383 249 1431 causa
271 1361 317 1427 sit
337 1358 473 1424 interior
493 1353 560 1421 Dei
580 1352 726 1435 afflatus,
753 1372 822 1438 qua
847 1350 1098 1418 movemur=ad
1119 1348 1221 1419 amen·

142 1479 292 1551 tiendum
323 1474 417 1541 Deo:
452 1474 663 1560 requiruntur
692 1475 824 1559 tamen,
840 1472 982 1535 externa
1020 1450 1245 1551 oduntem

144 1595 270 1687 quilius
298 1610 498 1680 persuasum
518 1587 617 1656 nobis
639 1586 713 1671 fiat,
744 1587 856 1655 Deum
876 1584 1037 1654 locutum
1059 1606 1157 1673 essc3
1188 1606 1223 1655 es

144 1736 212 1805 quo
228 1713 397 1799 sequitur,
417 1728 536 1775 usum
556 1727 720 1795 quoque
740 1704 939 1773 humanae
961 1708 1223 1777 rationirne·

146 1833 378 1902 cessarium
401 1846 498 1895 esse
520 1822 1014 1911 inrebustlreologici13
1037 1844 1113 1893 nanr
1128 1822 1218 1904 tides,

147 1954 214 2019 etsi
235 1948 382 2016 obscura
400 1947 460 2029 sit,
481 1951 595 2011 tamen
616 1962 721 2009 caeca
741 1947 889 2027 nonest,
909 1962 990 2010 uec
1011 1945 1213 2011 irrationa-

49 2034 51 2039 Ι
146 2069 232 2137 bile
254 2066 501 2154 obsequium
520 2060 723 2150 postulat
759 2063 852 2129 Nou
870 2065 1021 2148 potest
1043 2058 1222 2131 intoller-

147 2193 215 2254 tus
237 2184 444 2253 assentiri
473 2180 581 2266 illis,
614 2200 719 2268 quae
748 2186 1050 2269 proponuntur
1080 2176 1225 2251 sihi'ad

150 2300 422 2383 credendum,
453 2302 539 2366 nisi
566 2301 652 2386 ipsi
681 2298 902 2366 videantur
929 2318 1030 2367 esse
1056 2297 1225 2369 credili·

156 2422 231 2505 lia;
260 2419 346 2486 haec
367 2422 478 2483 autem
498 2415 691 2485 diiudicatio
713 2419 892 2485 rationis
914 2426 1021 2510 opus
1045 2424 1124 2505 est,
1153 2430 1224 2508 qu'st

151 2543 187 2603 et
207 2536 324 2623 leges
353 2533 484 2600 tradit
513 2537 622 2602 recti
654 2532 877 2603 ratiocinii
908 2541 952 2603 et
977 2535 1226 2608 firmitates

152 2652 352 2722 ostendit
383 2652 666 2738 eriteriorum,
699 2652 861 2740 quibus
888 2652 1069 2723 verbnm
1090 2654 1227 2727 Deiad

152 2793 228 2839 nos
262 2773 418 2838 laetum
450 2769 593 2837 fuisse
625 2771 939 2861 intelligimus.‘3‘
988 2772 1112 2844 Docet
1141 2777 1228 2863 igttu

153 2911 229 2955 cum
250 2889 427 2956 Hermesio
448 2887 714 2963 Liebermanuus
733 2912 797 2977 per
817 2890 958 2978 diligens
980 2912 1130 2963 examen
1143 2914 1228 2964 ara·

153 2978 268 3074 tione
296 3006 534 3073 instituendum
554 3028 682 3097 perque
705 3009 1037 3096 demonstrationem,
1070 3034 1164 3101 quae
1182 3012 1229 3080 tu

154 3122 387 3211 exlegibus
415 3128 520 3192 recti
549 3129 765 3195 ratiocinii
792 3129 894 3194 menti
914 3127 1083 3198 humanae
1103 3134 1228 3221 ingene

155 3244 248 3326 ratis,
269 3262 333 3308 uos
356 3263 397 3310 eo
419 3244 553 3328 adduci,
575 3250 613 3311 ut
632 3252 668 3311 et
689 3243 881 3312 credibilem
894 3251 930 3314 et
943 3248 1077 3315 omnino
1102 3248 1231 3318 credm·

154 3358 331 3427 damesse
353 3361 538 3428 doctrinam
561 3361 773 3431 christianam
799 3363 1104 3453 intelligamus.
1149 3364 1231 3453 Quo

149 3475 265 3561 modo,
288 3499 428 3567 quaeso,
451 3500 563 3547 coram
584 3482 754 3550 Hermesii
773 3483 1031 3551 accusatoribus
1053 3506 1098 3555 se
1119 3486 1233 3557 liberu-

155 3593 206 3661 hit
227 3614 247 3659 a
267 3595 516 3689 Rationalismo¹
530 3605 565 3667 et
575 3599 841 3688 Pelagianismol
862 3604 950 3669 Nam
971 3603 1064 3691 quod
1078 3604 1234 3676 credendi

127 3718 265 3811 'actum
291 3734 493 3801 suspensum
521 3717 604 3783 iacit
630 3718 673 3784 ab
701 3716 901 3788 auctoritate
931 3720 1060 3809 dimna,
1095 3731 1135 3793 et
1149 3706 1231 3817 ‘pro-

154 3830 260 3913 priam
280 3828 358 3895 fidei
380 3853 517 3898 causam
538 3836 572 3900 in
599 3836 754 3903 interiore
781 3839 927 3926 quodam
946 3840 1014 3908 Dei
1035 3842 1158 3913 afflatu
1178 3868 1232 3937 po-

156 3946 254 4011 sitam
277 3968 356 4014 esse
379 3948 546 4035 declarat,
574 3954 609 4019 in
631 3974 671 4020 eo
695 3955 869 4025 sciliceta
890 3980 929 4026 se
951 3960 1027 4053 ipso
1057 3960 1232 4049 desciscit,

147 4050 255 4131 etaurt
276 4064 439 4134 tallacitcr
459 4090 560 4156 agere
582 4078 640 4137 aut
660 4095 775 4159 parum
798 4077 1010 4147 considerate
1026 4082 1233 4154 iudicandus
