2514 4792
100 438 163 491 sus
181 436 304 487 novum
324 421 426 505 atque
446 413 626 485 inauditum
646 413 712 483 hoe
733 418 800 499 est,
820 418 858 483 et
879 418 978 483 certe
998 410 1149 483 Vohisre'

7 526 11 543 '
100 539 270 625 fragantur
287 539 326 603 et
351 534 614 602 Liehenoannus
635 540 672 601 et
690 532 890 621 Episcopus
918 532 1153 621 Argentoratu-

101 657 152 723 sis
173 660 209 723 et
229 655 389 722 innumeri
408 651 573 739 Theologi
591 652 888 739 praestantissimi,
917 652 980 739 qui
1001 672 1152 721 examen

100 773 229 839 ratione
249 770 486 839 instituendum
508 770 550 837 de
571 767 627 836 illa
656 768 879 837 credihditate
903 774 942 837 et
962 748 1103 837 solidam
1117 790 1152 839 re·

84 890 229 978 ,ligionis
250 888 450 957 christianae
476 888 791 956 demonstrationem
817 889 964 967 rahonis
991 906 1059 975 ope
1082 886 1153 977 peri

98 1008 249 1077 ciendam
268 1028 335 1074 non
355 1005 454 1073 modo
475 1026 542 1073 non
562 1005 762 1093 superfluam
777 1004 841 1073 sed
852 982 1154 1075 necessariarum

100 1124 346 1210 arbitrantur*).
390 1120 479 1206 Quia
505 1123 703 1192 Hermesius
726 1122 769 1190 dc
790 1126 999 1193 auctoritate
1021 1118 1152 1191 externi

95 1246 225 1332 Negat,
257 1248 293 1310 et
313 1247 405 1309 recte
426 1248 545 1328 negat,
577 1262 658 1309 erse
685 1245 991 1309 unicameausam
1017 1240 1152 1325 idoneam

96 1382 164 1449 qua
185 1358 229 1426 ad
250 1357 462 1442 eredendum,
483 1358 519 1425 id
541 1363 597 1425 est
617 1359 661 1427 ad
681 1357 806 1427 firmam
826 1362 1087 1448 persuasionem
1098 1378 1152 1427 su·

97 1476 284 1565 eipiendam
302 1496 512 1543 moveamur:
545 1482 581 1541 at
595 1498 700 1565 saepe
720 1474 915 1545 huiusmodi
934 1496 1073 1549 ¹carosum
1084 1496 1151 1559 esse,

95 1616 236 1683 eamque
259 1593 389 1660 omnino
411 1613 433 1657 a
453 1591 581 1659 ratione
602 1595 863 1682 agnoscendam,
889 1592 1025 1685 uhique
1042 1594 1149 1687 proiit·

94 1717 158 1780 tur.
210 1709 328 1776 Placet
352 1708 408 1776 hie
434 1729 536 1775 unum
563 1710 682 1779 afferre
708 1709 834 1795 loeum3
865 1730 950 1779 uam
982 1712 1061 1783 olins
1079 1713 1145 1781 om

75 1826 325 1898 excitabimus.
376 1826 415 1895 ln
434 1826 684 1896 introductione
711 1827 956 1918 Philosophica
977 1828 1072 1921 §.dd
1088 1826 1139 1896 ao

93 1948 220 2017 numi}
239 1944 325 2012 haee
346 1951 440 2014 sunt:
461 1944 592 2029 „Itatio
614 1950 731 2013 nostra
752 1967 857 2036 saepe
877 1950 1141 2021 auctoritatem

100 2073 328 2148 externam,
349 2085 417 2131 non
436 2060 536 2131 modo
558 2065 703 2132 divinam
724 2067 788 2134 sed
808 2069 919 2155 ipsam
940 2066 1144 2141 etinmhuma

92 2204 181 2267 nam,
196 2182 441 2249 utmotivum
461 2183 739 2268 assentiendi,
760 2183 906 2274 ideoque
920 2192 964 2255 ut
982 2188 1144 2257 motivum

93 2300 198 2368 fidei
224 2316 411 2385 agnoscere
438 2297 574 2368 dehet“
617 2296 747 2382 Quodsi
767 2303 868 2388 igitur
888 2310 989 2375 recta
1008 2308 1098 2391 ratio,
1112 2304 1144 2369 it-

92 2417 230 2503 quirens
252 2412 506 2483 credibilitatem
533 2417 705 2486 doetrinae
727 2418 949 2521 christianae,
977 2444 1021 2493 eo
1043 2422 1143 2511 duom

92 2570 136 2583 -
157 2537 192 2600 et
211 2531 364 2618 profecto
391 2552 459 2598 non
485 2541 600 2621 potest
623 2556 691 2604 non
713 2557 753 2603 eo
780 2542 958 2626 pervenire
978 2582 1041 2628 -‚
1066 2543 1143 2610 utic

91 2648 173 2717 heat
191 2669 256 2717 nos
278 2655 314 2715 et
335 2650 479 2716 divinam
500 2630 671 2721 doetrinae
693 2653 895 2726 christianae
916 2662 1079 2751 originem
1097 2654 1144 2729 siri

90 2765 157 2836 ulla
181 2764 402 2835 haesitatione
430 2767 585 2856 eredere,
619 2780 655 2841 et
684 2772 825 2862 singulis
858 2777 1056 2869 quibusque
1083 2778 1145 2847 Jon

91 2884 215 2955 Christi
247 2885 375 2968 effatis,
407 2890 560 2973 quanam
601 2886 1148 2979 incomprehensibilia'dnt

87 3009 262 3094 propter
288 3007 590 3074 auctoritatem
619 3009 799 3077 divinam
824 3009 1051 3083 firmissimam
1074 3014 1149 3085 fides

89 3123 283 3211 adiungere:
319 3142 429 3189 nonne
450 3125 515 3189 iam
535 3127 612 3213 ipsa
632 3129 717 3194 ratio
739 3148 835 3195 suam
862 3134 1149 3204 auctoritatem-di

88 3243 186 3308 vinae
201 3239 339 3308 subiicit
353 3245 389 3306 et
403 3238 644 3310 subiiciendam
658 3266 737 3312 esse
753 3246 914 3331 declarat,
935 3268 1039 3321 suam
1052 3253 1152 3335 lucen,

87 3363 221 3433 ututur
249 3356 361 3424 Guetii
386 3355 501 3424 verbis
530 3381 632 3450 supra
659 3367 944 3451 commemoratis,
971 3371 1087 3443 altiori
1103 3370 1155 3440 loci

88 3472 279 3542 sacrificati
320 3474 371 3542 Ita
393 3476 440 3560 fit,
462 3483 501 3544 ut
520 3477 618 3566 plane
641 3488 769 3565 contra,
791 3503 833 3547 ac
855 3482 1083 3587 vossianus,
1103 3508 1157 3559 reo

88 3612 169 3660 sese
189 3589 313 3660 hahere
336 3599 503 3681 appareat

127 3882 148 3948 ·)
166 3878 325 3931 Conieratnr
350 3879 420 3932 inter
441 3879 510 3933 alios
534 3883 613 3934 etiam
635 3880 846 3941 Muratorius
871 3891 908 3943 de
938 3892 1160 3965 Ingenium

170 3962 410 4020 Medos-atione
433 3966 484 4027 lio.
501 3966 526 4031 1,
545 3983 605 4038 cap.
622 3966 706 4020 2—5.
