2514 4792
381 542 687 631 onnon*
742 482 874 629 111.
918 470 921 475 ¹

89 712 195 813 Quid
220 729 379 799 omnino
399 728 618 818 significet
642 727 754 798 lidos
776 702 818 799 et
836 726 986 797 ildene-
1030 725 1151 797 Multi

87 862 225 954 plioes
251 863 357 932 fidei
388 863 563 950 formae,
595 868 633 934 si
662 828 889 955 spectatur·
914 861 968 931 ad
998 862 1153 949 ionteu,
1196 891 1200 955 q

89 998 333 1083 admodum,
354 976 741 1089 adpraestantiam.
783 966 1154 1069 Cavendumalidr
1198 1010 1200 1049 ⁴

89 1139 264 1220 te'nrera,
295 1132 606 1221 videndumque
639 1141 682 1204 nt
712 1134 845 1204 omnis
875 1132 1012 1219 fides,
1048 1135 1154 1201 etia·

87 1272 293 1359 positiva,
313 1270 373 1335 sit
393 1268 547 1335 rationi
568 1261 863 1337 consentanea.
908 1264 1024 1351 Quid
1042 1268 1155 1357 inqui·

89 1401 259 1472 'rendum
285 1403 362 1487 sit,
391 1401 466 1476 ubi
493 1404 713 1491 quaeritur
741 1402 789 1469 de
815 1392 903 1469 fide
934 1390 1157 1471 adhibenda

178 1532 417 1623 doctrinae,
445 1559 552 1625 quoe
579 1558 625 1605 se
655 1537 859 1605 divinitus
885 1535 1092 1607 traditam

511 1673 750 1762 profitetur.

297 1873 388 1928 Nolito
403 1877 477 1928 omni
494 1877 602 1948 spiritui
620 1876 739 1937 medere,
757 1876 807 1927 sed
822 1874 936 1945 probate
954 1877 1085 1946 spiritu,
1098 1874 1156 1927 rior

296 1962 355 2017 Deo
365 1964 436 2017 aiotr
455 1965 582 2035 ponium
598 1960 850 2035 pseudoprophetae
860 1960 1150 2015 almuth-nin.

692 2072 754 2117 loe.
773 2071 798 2116 1.
834 2064 921 2128 spur.
938 2060 973 2129 4,
992 2063 1024 2117 i.

72 2202 86 2217 '⁸
178 2210 235 2284 An
254 2215 404 2290 fortasse
422 2215 600 2286 Hermesio
623 2216 659 2286 id
679 2216 823 2301 oceidit,
844 2220 886 2284 'nt
903 2215 1000 2283 faeta
1022 2210 1162 2285 disslnll·

89 2332 245 2403 denarum
265 2354 377 2405 rerum
397 2337 640 2423 permutatione
667 2340 738 2403 aut·
751 2355 815 2423 per
841 2334 1010 2402 inscitiam
1039 2340 1101 2405 ant
1116 2340 1167 2425 prr

94 2450 261 2529 fallaciam
287 2458 323 2521 et
341 2451 592 2547 ¹simulationem
616 2455 693 2541 ipse
718 2453 870 2522 afficeret
897 2451 1028 2540 aliquid
1047 2448 1168 2523 'nome

95 2567 175 2637 fidei
201 2569 419 2654 christianae,
436 2569 544 2658 ‘quod
570 2575 644 2639 toto
672 2572 768 2640 coelo
791 2573 961 2641 diversum
984 2568 1069 2640 esti
1102 2592 1167 2640 nnn

96 2687 312 2774 „absurda
344 2693 385 2755 et
416 2709 436 2753 a
467 2686 660 2756 doctrina
692 2691 906 2759 ecelesiae
938 2690 1169 2761 catholicae

97 2805 232 2873 aliena
260 2814 486 2876 contexere
515 2807 674 2875 dieitur
706 2812 822 2876 eirea
852 2814 1044 2876 naturam
1077 2808 1170 2878 fidei

73 2920 76 2927 ’
97 2931 141 2996 et
160 2925 461 2994 credendorum
482 2925 667 3013 regulam
688 2930 867 3014 itemque
890 2926 1008 2993 eirca
1028 2930 1171 2997 motion

98 3044 447 3114 eredibilitatis.“
491 3042 585 3127 Quae
607 3045 742 3133 quidem
761 3052 801 3113 ut
821 3046 1023 3134 gravissim
1045 3048 1173 3115 suntet

59 3204 65 3217 ·
97 3184 179 3232 vere
200 3163 355 3252 capitalia
375 3166 410 3232 in
431 3183 460 3229 s
481 3162 686 3253 'theologiae
706 3164 876 3248 Doctore;
907 3165 974 3246 ita,
996 3164 1084 3250 quid
1106 3184 1173 3233 son·

99 3285 182 3350 serit
209 3282 252 3351 de
272 3282 325 3350 his
347 3281 502 3350 omnibus
529 3281 744 3366 Hermeios,
775 3288 811 3350 et
841 3281 1098 3370 diligentissime
1126 3303 1176 3353 ex·

99 3400 296 3488 quirendum
318 3408 354 3471 et
375 3399 571 3468 clarissimis
583 3401 707 3488 ¹verbis
730 3400 966 3467 enuntiandum
987 3405 1056 3468 est.

184 3519 328 3589 Primum
354 3530 457 3609 qurum
481 3516 659 3606 multiplex
689 3517 777 3586 fides
812 3519 922 3585 uitet
955 3516 1025 3584 late
1054 3524 1182 3607 pateat,

100 3637 288 3705 rectissime
309 3637 506 3705 Hermesins
528 3638 702 3724 distinguit
721 3637 808 3703 inter
828 3642 936 3703 totum
949 3658 1072 3723 genus,
1094 3638 1185 3728 quod

100 3777 202 3823 uuum
217 3777 350 3845 semper
366 3754 521 3842 idemque
532 3761 597 3838 est,
620 3761 656 3822 et
667 3752 817 3841 singulas
839 3756 914 3826 eius
928 3755 1065 3822 forinas.
1089 3756 1185 3828 Toti

100 3876 248 3961 generi
269 3895 356 3962 quae
367 3873 522 3940 subiecta
536 3871 733 3960 significatio
745 3874 802 3956 sit,
823 3877 891 3939 tam
903 3873 1186 3963 estinpromptu‚

102 3997 142 4060 nt
149 3993 340 4059 miraremur
358 3992 526 4081 proiecto,
548 3992 579 4056 si
591 3990 759 4057 Hermesii
772 3993 879 4058 aciem
890 3990 1077 4079 effugisset.
1099 3994 1189 4059 Nam

103 4108 236 4179 fidere
259 4130 322 4179 sen
342 4109 470 4178 fidem
490 4106 645 4213 habere
666 4108 1042 4183 inuniversumdioitnr
1062 4111 1110 4197 is,
1130 4113 1190 4201 qui
