2514 4792
167 414 204 491 et
223 408 330 495 siguis
352 403 574 499 confirmantem
595 424 692 489 esse,
724 404 869 473 stratio
890 402 1042 495 hisipsis
1059 402 1103 471 als

165 525 362 607 rectoribus,
383 523 561 593 obieci-ivis
582 522 725 609 seilicet,
745 528 900 615 permota
920 544 987 591 nos
1011 520 1080 591 irle

164 646 308 715 divinam
328 641 415 710 illius
436 642 607 711 doctrinae
637 642 798 727 originem
820 643 896 709 sine
921 640 988 709 ulla
1012 638 1100 709 leode
1128 730 1134 743 Ι

127 841 130 847 ,
163 768 255 834 tione
291 761 439 847 credere,
474 761 618 848 ideoque
654 762 756 828 etiarn
790 758 936 847 singulis
969 758 1135 865 sulm,

167 880 317 951 eiusdem
339 880 510 948 doctrinae
531 880 654 965 effatis,
675 880 742 947 etsi
759 876 1039 967 incomprehensil
1123 874 1126 881 '

84 1078 89 1087 ,
163 1007 301 1095 propter
326 998 588 1065 intercedentem
613 998 721 1087 ipsius
748 996 818 1069 nei
844 992 1096 1067 aaronem

163 1122 345 1189 missimam
364 1114 465 1183 tidem
485 1114 680 1203 adiungere3
702 1121 761 1183 aut
781 1114 843 1185 tali
861 1115 1059 1207 intelligentie
1133 1208 1136 1213 Ι

164 1258 285 1306 mmus.
1132 1290 1136 1299 .

232 1352 276 1423 Si
295 1349 518 1439 intelligimus,
539 1370 606 1419 non
620 1350 755 1439 quidem
777 1372 855 1421 cum
873 1350 1015 1441 physica
1030 1366 1097 1419 reos

163 1478 265 1543 nitate
287 1470 470 1553 credimus,
498 1468 561 1537 sed
588 1476 700 1538 tamen
728 1474 903 1559 oportet
930 1492 991 1549 nos
1015 1466 1098 1539 erola!

154 1594 292 1673 ¹ratione
314 1588 508 1673 iubente,
528 1589 673 1681 ideoque
694 1610 787 1657 eum
805 1589 959 1658 morali
976 1584 1099 1659 necessi

164 1717 257 1779 tate
278 1726 340 1775 seu
362 1726 412 1773 ex
441 1706 594 1775 officio
624 1706 826 1777 eredendum
846 1715 928 1795 est,-
954 1725 1099 1799 nocpm

163 1849 239 1895 mus
261 1847 417 1900 recusare
439 1822 518 1893 lidei
531 1827 775 1909 assensionem,
795 1825 863 1894 nisi
881 1827 991 1907 subire
1004 1824 1097 1897 telin

162 1947 383 2017 damnationis
403 1964 548 2033 poenam
560 1940 630 2011 ah
619 1964 696 2033 ipsa
708 1944 838 2016 ratione
858 1944 1094 2081 indigentenpn

160 2073 237 2156 pter
258 2063 470 2133 violationem
490 2060 601 2131 officii

230 2182 273 2253 Si
298 2203 366 2251 non
397 2178 629 2276 intelligimus,
663 2182 795 2250 minime
827 2182 975 2255 omnium
1001 2180 1102 2253 contin

164 2303 305 2370 relicere
325 2299 407 2367 licet
427 2299 631 2384 doctrinam,
653 2320 740 2389 qnae
762 2320 802 2367 se
825 2299 986 2371 divinitus
1003 2298 1105 2369 eadm

162 2419 329 2507 nobisque
351 2418 556 2486 salutiferam
575 2416 762 2508 profitetur,
785 2419 848 2487 sed
870 2442 989 2489 rursus
1009 2410 1104 2489 duod

161 2536 348 2605 scernenda
375 2542 464 2605 sunt
507 2539 579 2605 Aut
605 2539 695 2605 enim
720 2539 807 2605 satis
834 2536 1012 2627 diligenter
1029 2532 1107 2605 ets'}

15 2626 22 2643 ¹
164 2675 244 2722 cero
271 2656 344 2721 veri
370 2654 500 2739 studio,
532 2654 680 2747 adlnilnita
707 2657 806 2723 etiarn
826 2653 969 2725 aliorum
990 2654 1032 2725 lio
1060 2654 1067 2673 '

160 2771 339 2862 prudentia
361 2777 397 2839 et
418 2772 575 2858 consilio,
607 2796 679 2843 rem
698 2772 966 2862 exploravimus,
997 2762 1109 2855 amon

160 2894 266 2977 simus
297 2888 364 2959 hoe
394 2893 518 2981 tacere.
568 2890 609 2963 Si
629 2893 745 2983 prius
775 2900 841 2980 est,
863 2895 907 2981 (e.
930 2916 963 2981 g.
985 2896 1017 2962 si
1033 2886 1113 2961 llrlr

159 3012 320 3079 medanus
346 3031 408 3099 per
437 3009 629 3099 diligentem
659 3019 694 3079 et
715 3013 847 3081 sincero
875 3012 986 3081 animo
1013 3028 1114 3095 susce

158 3137 228 3197 tam
262 3128 524 3216 explorationem
554 3152 595 3199 eo
628 3130 822 3217 adducitur,
858 3137 897 3197 ut
926 3132 962 3199 in
997 3130 1117 3221 religit!

157 3248 401 3316 lllulramedana
428 3269 495 3315 non
524 3250 671 3316 inveniat
698 3249 914 3319 characteres
942 3244 1120 3321 idoneosdr

157 3370 269 3434 vinam
289 3365 389 3433 huius
411 3366 580 3454 religionis
601 3371 761 3456 originem
775 3366 1059 3459 comprobantes)
1075 3384 1122 3441 m·

157 3487 287 3552 tissime
318 3505 386 3551 non
414 3484 576 3571 creditur,
609 3493 668 3555 aut
687 3485 766 3554 fidei
794 3490 949 3555 assensio
976 3488 1123 3579 luemque

159 3605 315 3671 adiuncta
330 3606 517 3672 rectissime
539 3609 747 3673 retractatur.
791 3606 832 3676 δί
852 3612 1073 3697 posterius
1089 3624 1126 3675 m·

159 3722 241 3789 cidit
261 3727 297 3789 et
319 3720 543 3790 dubitationes
566 3723 781 3792 suboriuntur
802 3706 844 3793 de
870 3728 1017 3797 veritate
1045 3724 1129 3815 religi

162 3841 247 3925 onis,
269 3862 369 3927 quam
389 3840 564 3929 lineasque
586 3841 706 3929 aliquis
728 3846 906 3931 professus
928 3852 998 3933 est,
1019 3846 1056 3916 id
1073 3848 1133 3915 no

157 3960 265 4026 omnia
285 3961 370 4027 ratio
391 3965 521 4046 monet,
552 3967 590 4029 ut
617 3958 807 4050 diligentius
834 3968 870 4033 et
895 3964 1078 4039 candidum
1099 3961 1137 4035 rei
