2514 4792
546 304 678 375 1uo·
764 298 768 305 ’

39 490 102 557 vis
130 489 237 555 omnis
262 489 461 575 intuitionls‚
496 492 598 557 etiam
624 490 804 575 humanae,
839 496 878 559 ut
904 494 950 559 sit
977 494 1121 581 cognitio

40 606 247 675 hunediatu
289 606 359 673 lum
379 609 411 674 si
430 628 493 695 per
512 607 641 677 solam
668 608 756 677 lrauc
775 612 914 679 rationis
934 602 1044 679 ideam
1065 632 1122 681 co-

41 726 195 813 gitamus
226 730 330 813 atque
361 727 566 815 concipimus
600 729 822 817 cognitionem
854 728 996 797 divinam
1015 769 1059 783 -
1088 736 1124 798 ct

40 847 168 933 potest
186 842 253 911 lroo
273 843 356 930 lieri,
376 850 416 913 ut
435 844 513 913 milri
533 847 668 935 quidem
688 846 821 914 videtur
840 884 894 931 ·—‚
914 868 982 915 non
1002 850 1124 936 impro-

41 964 122 1053 prie
144 976 207 1030 seu
228 962 415 1051 analogice,
436 964 500 1033 sed
522 968 692 1054 proprie
714 968 900 1052 cogitamus
921 969 1023 1054 atque
1044 986 1124 1033 con-

43 1081 208 1169 cipimus3
238 1102 315 1149 nam
334 1103 484 1172 reapse
509 1082 596 1153 lraee
615 1084 784 1173 propria
809 1086 877 1152 vis
899 1086 935 1151 et
955 1083 1124 1152 charae·

44 1204 116 1268 ter
146 1198 470 1272 fundamentalis
501 1207 558 1271 cst
589 1203 789 1291 cognitionis
821 1200 971 1285 divinae,
1005 1205 1045 1267 ut
1076 1200 1126 1267 sit

44 1334 191 1407 prorsus
208 1318 408 1388 immediata.
449 1318 552 1392 Utilis
573 1324 647 1411 erit,
674 1320 794 1405 fateor,
822 1322 1025 1408 comparatio
1047 1340 1125 1387 cum

45 1428 336 1506 nostra'intuendi
364 1438 515 1524 actione,
547 1438 674 1507 efficiet
697 1436 785 1507 haec
813 1439 889 1527 ipsa
910 1440 1124 1525 comparatio,

46 1551 199 1623 adhibito
221 1563 388 1645 conceptu
410 1559 579 1651 empirico‚
599 1576 700 1646 quem
710 1556 904 1645 suppeditat
922 1554 1126 1641 intellectus,

47 1678 89 1742 ut
109 1672 278 1741 invisibile
295 1670 385 1743 issius
410 1677 508 1745 ideae
535 1672 722 1759 obiectum,
750 1674 934 1743 illustretur
952 1674 1127 1762 magisque
1243 1703 1247 1709 ·

50 1792 97 1860 ud
119 1792 292 1879 vulgarem
319 1790 488 1860 hominum
515 1802 651 1883 captum
670 1792 832 1862 accedat:
863 1791 1040 1859 dummodo
1061 1790 1127 1859 lroc

48 1910 131 1977 milri
148 1910 319 1999 largiaris,
344 1932 451 1999 posse
473 1910 641 1979 obiectum
667 1910 766 1978 lruins
787 1909 900 1993 ideae,
928 1929 1047 1997 nempe
1069 1928 1127 1977 co-

56 2030 233 2115 gnitionem
247 2029 391 2098 divinam
410 2024 642 2114 immediatam,
664 2026 765 2119 quam
785 2030 870 2096 ratio
884 2029 1007 2115 poscit,
1029 2026 1129 2094 etiam

51 2166 131 2235 per
157 2152 261 2217 sect
285 2168 405 2236 pure,
435 2153 476 2214 ut
494 2150 542 2215 ita
564 2147 690 2234 dicam,
721 2146 865 2235 =cogitari
893 2126 1129 2232 ct'concipia

51 2266 182 2333 ratione
209 2268 294 2354 ipsa
317 2304 361 2321 -
402 2264 508 2333 Porro
534 2270 738 2355 magnopere
764 2262 938 2354 probanda
959 2267 1054 2346 sunt,
1082 2262 1129 2329 si·

50 2383 189 2471 quidem
209 2404 327 2454 rursus
348 2387 552 2473 comparatio
573 2382 783 2467 instituatur,
802 2366 902 2470 quae
924 2380 1074 2471 disputat
1093 2386 1131 2450 et

52 2504 194 2590 exponit
211 2504 409 2575 Hermesius
430 2501 474 2571 de
496 2500 621 2591 duplici
648 2502 843 2571 diversitate
871 2502 959 2568 iuter
987 2498 1130 2595 divinam

52 2626 90 2690 ct
108 2618 287 2689 humanam
311 2627 466 2691 mentem.
508 2619 687 2691 Praeclare
713 2626 829 2689 monet
854 2618 899 2687 ad
926 2616 1132 2706 duplicem

51 2738 157 2807 istam
176 2736 406 2811 diversitatem
434 2740 685 2831 diligentissima
714 2760 850 2827 semper
870 2737 1131 2806 animadverten-

52 2856 136 2925 dum
149 2878 243 2944 csse,
262 2880 306 2928 ne
319 2859 506 2928 induamus
520 2862 554 2926 in
567 2878 707 2946 pravum
721 2834 1132 2945 anthropomorphismum3

52 2974 151 3063 quod
176 2974 311 3065 quidem
342 2980 458 3046 vitium
484 2978 585 3046 etiam
610 2979 642 3042 is
669 2976 907 3059 committeret,
939 2976 998 3061 qni
1025 2971 1132 3039 solam

51 3096 253 3183 quantitatis
273 3099 348 3166 sive
369 3094 504 3185 gradus,
525 3115 594 3163 non
613 3088 695 3163 item
707 3092 886 3182 ¹qualitatis·
907 3094 980 3159 sive
995 3096 1133 3157 naturae

53 3212 289 3281 diversitatem
310 3220 474 3283 statueret
500 3216 588 3282 luter
613 3188 750 3281 divinae
772 3216 808 3279 ct
827 3209 991 3279 humanae
1010 3210 1133 3276 mentis

52 3332 211 3400 actiones
231 3338 333 3421 atque
352 3335 585 3423 proprietates.
628 3314 679 3401 Et
697 3328 739 3400 in'
751 3329 818 3398 lmc
831 3330 1031 3419 quaestione
1051 3324 1133 3395 uou-

52 3448 140 3519 nulli
166 3448 331 3537 Theologi
350 3453 477 3537 minus,
507 3472 608 3542 quum
632 3473 695 3540 par
724 3456 796 3535 est5
829 3453 987 3517 accurate
1015 3440 1133 3514 distm-

53 3572 183 3658 guunt,
202 3574 243 3637 ut
261 3570 440 3640 videantur
466 3566 532 3638 duo
560 3584 685 3659 genera
711 3569 917 3637 diversitatis
937 3588 1038 3633 unum
1059 3584 1136 3631 eum

55 3686 168 3755 altero
190 3690 405 3775 confundere,
427 3690 520 3778 quod
540 3688 640 3759 valde
661 3684 968 3778 reprehendendum
988 3688 1052 3752 est
1074 3682 1136 3751 Sic

55 3828 129 3875 non
144 3807 253 3875 solum
273 3810 494 3898 quantitatlva
516 3808 695 3877 sedetiam
715 3806 911 3897 qualitativa
930 3802 1137 3890 imperiectio

57 3924 119 3995 illa
140 3932 277 3996 nostrae
296 3926 462 3997 intriltioni
481 3922 697 4016 intuendique
719 3924 872 3993 facultati
891 3920 1138 3990 adhaerescens

54 4068 79 4114 a
101 4044 180 4115 Deo
200 4049 308 4116 omnis
329 4042 531 4115 removenda
551 4036 618 4132 est,
651 4044 896 4133 verissimeque
917 4042 1055 4111 dicitur:
1087 4041 1136 4104 in-

56 4166 161 4235 tuitio
183 4166 296 4235 diviua
322 4188 391 4235 non
418 4146 526 4234 solum
548 4164 661 4255 quoad
682 4162 820 4253 gradum
841 4168 877 4231 et
898 4159 1137 4240 extensionem,
