2514 4792
148 394 424 485 mirerteurlum
443 393 525 477 est)
545 392 680 480 penitus
701 384 893 471 excluditur
911 406 934 453 a
956 406 995 455 re
1015 382 1203 471 nimborum
1245 372 1254 435 ἱ

148 538 262 607 neque
287 514 325 583 irl
344 511 417 579 lieri
440 516 557 599 potest
575 508 645 577 ullo
664 508 775 577 morlo.
818 504 956 575 Deinde
977 508 1205 595 tequidem-s

150 638 310 711 iudicium
337 630 381 699 de
409 651 513 697 causa
539 626 706 699 efficiente
735 626 879 714 prodigii
905 626 984 695 sive
1014 623 1145 693 directe
1160 614 1206 693 'rur

154 758 321 827 indirecte
343 768 572 819 connexum
593 746 752 814 sitcum
772 742 1214 834 principiismoralibu-

150 882 328 947 naturae
346 874 519 937 nostrae
539 888 562 933 a
582 865 670 932 Deo
692 866 982 952 ingeneratis,
1009 863 1126 933 idest
1149 882 1209 931 cus
1247 882 1254 927 ι

152 994 285 1063 certis
304 1008 456 1057 morum
476 986 725 1073 praeceptis
744 1004 769 1051 a
787 986 952 1051 ratione
972 986 1133 1051 nostra
1150 1000 1208 1071 prr·
1250 998 1254 1041 ι

152 1111 323 1205 positis
366 1104 578 1173 Postremum
600 1104 669 1170 ista
691 1104 857 1171 connexio
882 1100 1058 1171 eiusmorll
1084 1120 1160 1171 esse
1174 1098 1208 1165 b·
1251 1130 1254 1161 ι

151 1228 464 1316 betatappareat
489 1242 570 1289 non
604 1241 735 1309 posse
770 1220 952 1310 amplius
989 1220 1102 1295 banc
1133 1218 1210 1289 illm
1251 1216 1254 1279 l

152 1349 290 1436 legem
309 1340 502 1415 moralem
523 1340 708 1429 impleri,
739 1342 824 1409 nisi
845 1342 1055 1429 superior
1073 1344 1212 1409 natum

151 1463 316 1537 viribus
336 1458 695 1535 causaefiiciens
713 1459 922 1549 prodigii,
944 1450 1213 1549 eaqueTlrteu

152 1580 382 1652 voluntate
396 1580 548 1660 utens,
571 1578 786 1649 credatur.
828 1574 904 1647 soe
924 1576 984 1645 bis
1000 1574 1214 1667 ,igituroosb

152 1697 301 1771 tionibus
314 1699 464 1785 imperat
483 1699 569 1765 ratio
588 1698 736 1784 moralis,
755 1700 915 1766 atratum
926 1694 1132 1783 babeamus,
1147 1690 1217 1785 qml

150 1839 222 1887 non
240 1818 374 1887 omnino
393 1816 635 1904 perspicimusr
657 1817 714 1883 cui
734 1815 871 1903 quidem
890 1818 1121 1909 imperiaqui
1132 1814 1216 1881 obse·

152 1940 266 2027 quium
293 1934 442 2005 tribuere
462 1939 610 2020 recusat,
640 1936 672 2001 is
693 1932 901 2001 damnandus
921 1940 998 2018 est,
1039 1936 1096 2025 qi
1109 1929 1211 2001 obten-

152 2060 267 2145 perat,
289 2056 321 2121 is
341 2053 497 2143 profecto
525 2074 593 2121 non
618 2058 778 2121 temeram
802 2052 902 2119 iidem
932 2052 1088 2125 adhibet
1112 2048 1215 2121 seira·

26 2176 29 2181 ⁴
152 2177 236 2243 tioni
257 2174 529 2269 convenientem,
559 2192 672 2258 neque
697 2176 811 2239 tamen
837 2169 985 2258 physice
1014 2172 1225 2245 necessarbn

154 2291 219 2360 sed
244 2289 384 2357 liberam
410 2295 447 2358 et
474 2291 684 2358 meritoriam.
733 2288 887 2367 Vidimus
917 2294 1053 2359 autem·
1070 2294 1109 2363 in
1130 2288 1228 2363 laub

154 2411 414 2477 resuscitatione
434 2407 558 2493 nubam
577 2406 707 2476 illarum
728 2408 953 2477 conditionum
974 2407 1179 2483 desiderari.

209 2520 328 2611 ‘Quid
357 2527 399 2595 rle
427 2526 564 2615 reliquis
584 2528 763 2617 prodigiis,
794 2548 936 2615 quorum
960 2531 1163 2599 narratione
1180 2486 1254 2623 rol

150 2645 351 2733 ,dignissim
377 2646 491 2713 referti
511 2653 592 2713 suut
611 2647 702 2713 sacri
722 2647 875 2729 codices,
888 2644 1156 2719 iudimbirnusl
1192 2648 1229 2715 ln·

153 2765 283 2831 numeri
306 2762 459 2831 bomiaes
483 2764 692 2850 gravissimis
718 2764 1027 2852 diversissimisque
1052 2768 1230 2837 morbiset

155 2878 351 2953 vulneribus
384 2880 596 2965 laborantes,
631 2903 743 2970 neque
776 2889 978 2973 praesentes
1013 2888 1155 2957 mutam
1181 2871 1254 2955 ουδ’

153 3002 257 3071 etiam
287 2999 467 3083 absentes,
501 2996 590 3065 illico
622 2998 667 3066 arl
696 3002 860 3087 integram
886 3004 1069 3071 sanitatem
1099 3002 1230 3075 reatui

155 3124 254 3215 sunt,
284 3139 388 3206 quum
407 3119 547 3204 primum
566 3138 608 3187 se
631 3118 738 3205 velle,
769 3125 808 3188 ut
838 3127 1053 3206 sanarentur,
1091 3125 1230 3193 eumeni

154 3236 263 3305 Jcsus
286 3233 451 3305 Christus
496 3231 538 3303 Si
564 3242 727 3308 sumseris
754 3236 841 3305 haec
867 3240 977 3307 omnia
1005 3240 1135 3313 codem
1160 3250 1230 3313 ten·
1252 3264 1254 3283 ¹

154 3357 247 3442 poris
261 3360 421 3443 puncto,
454 3374 522 3442 quo
550 3354 658 3425 Jesus
686 3357 891 3426 voluntatem
917 3378 1013 3425 suam
1042 3358 1250 3443 declararit,¹

156 3474 263 3541 forte
282 3474 456 3541 fortuna
477 3473 582 3542 solius
602 3481 742 3544 naturae
763 3477 892 3545 viribus
914 3478 1037 3546 effecta
1063 3500 1164 3568 esse,
1184 3484 1233 3549 aut
1251 3437 1254 3539 l

155 3589 276 3658 Jesum
296 3594 407 3681 ipsum
427 3593 536 3661 fuisse
563 3595 814 3662 iactatorem
843 3597 1234 3685 circumforaneum,

157 3709 254 3775 cuius
280 3730 367 3777 voce
388 3717 527 3779 naturae
548 3715 638 3780 vires
665 3719 853 3782 commotae
879 3715 980 3784 etad
1005 3720 1105 3789 tanta
1136 3721 1233 3791 effici·

159 3826 245 3896 enda
265 3827 418 3916 prodigia
438 3833 607 3899 excitatae
628 3834 712 3899 sint:
743 3853 854 3901 nonno
879 3812 1018 3903 insanus
1045 3840 1112 3924 sis,
1143 3845 1177 3910 si
1195 3840 1235 3909 si·

54 3962 57 3967 ·
156 3943 244 4011 milia
264 3949 440 4031 negaveris
462 3951 562 4016 etiam
575 3948 674 4017 hodie
689 3970 817 4018 summo
832 3954 903 4020 iure
918 3959 1095 4043 expectari
1108 3953 1235 4048 posset

92 4152 97 4166 ι
156 4059 249 4148 Ergo
271 4083 340 4131 non
361 4066 427 4133 iam
448 4065 549 4135 officii
571 4068 651 4151 erit,
679 4068 738 4137 ubi
758 4071 793 4138 in
819 4093 956 4161 gravem
976 4073 1137 4151 morbum
1157 4079 1234 4150 inei·
