2514 4792
607 262 687 329 lm

113 451 180 517 cis
199 447 476 538 theologicisz
503 445 695 537 ubicumque
715 442 827 513 autem
847 443 883 511 bi
902 444 1017 514 fontes
1036 447 1116 514 iuter
1131 467 1160 515 se

109 573 351 656 permutantur,
371 564 670 655 philosophice
692 563 863 649 ostendat,¹
883 584 986 652 mam
1005 564 1095 632 istud
1106 567 1166 652 qui-
1253 573 1257 605 ¹

113 683 190 755 dem
209 685 269 754 liat
293 687 432 771 iniuste,
453 691 535 753 ‘ete
558 686 724 752 contrario
750 685 875 751 iustam
899 703 982 752 esse
1003 681 1174 753 Catholi-
1253 696 1257 724 l

113 800 256 881 eorum
275 804 505 873 methodum
525 808 570 871 ex
591 806 739 870 tractatu
760 802 804 870 de
824 803 953 871 laocis
980 800 1180 890 theologi·
1246 818 1255 848 l

113 924 414 991 cis-demonstret.
457 918 625 990 Ostendat
644 920 709 988 bac
729 918 871 989 fontium
890 923 1128 1008 permutatione
1144 921 1189 985 in
1255 944 1257 969 ὴ

1 1080 3 1085 -
112 1042 331 1110 revelatae
364 1041 586 1109 doctrinae
617 1039 728 1108 locum
747 1058 916 1127 nunquam
935 1058 1004 1108 non
1024 1035 1194 1106 substitui

42 1248 48 1257 κ
113 1159 343 1228 doctrinam
363 1163 564 1245 rationis,
585 1158 672 1227 hauc
693 1161 803 1246 ipsam
822 1162 935 1225 eutem
949 1159 1090 1225 rationis
1104 1156 1196 1225 doc-

112 1280 231 1345 trinam
251 1300 319 1366 qua
338 1277 440 1346 talem
459 1280 656 1346 necessario
676 1280 838 1345 incertam
851 1294 944 1361 esse,
965 1266 1103 1367 quoties
1117 1276 1202 1364 agi-

111 1400 166 1463 tur
194 1394 238 1462 de
263 1395 455 1485 realiqua,
485 1419 573 1487 qnae
605 1396 777 1467 namnetes
790 1440 794 1449 ·
809 1402 947 1490 normas
979 1397 1208 1484 cognitiones

112 1515 286 1600 snperat“
710 1540 714 1545 ·

199 1615 528 1721 monamachia,
554 1610 933 1703 neomeniarum
966 1668 1011 1687 -
1045 1652 1125 1701 nam
1143 1633 1221 1699 a-

113 1748 204 1815 milia
223 1770 329 1838 prope
349 1753 503 1821 omnibus
517 1750 787 1849 bletbodologiae
806 1733 938 1843 paginis
958 1757 1226 1821 resumatu-

114 1868 293 1956 fatigemus
318 1869 483 1939 lectorum
508 1867 712 1962 patientiam.
765 1870 853 1941 lllu'd·
879 1878 993 1939 autem
1024 1882 1229 1959 quaerere

114 1988 170 2055 ias
184 1993 257 2057 est:
277 1984 441 2057 nullamne
458 1990 629 2075 Hermesii
648 1996 870 2067 accusatores
889 1992 1043 2059 oolibam
1064 1988 1231 2058 babue-

115 2106 182 2177 rint
201 2104 318 2175 horum
339 2110 493 2193 omnium3
520 2131 620 2198 quae,
645 2131 699 2178 me
719 2106 876 2196 bemule,-·
896 2115 942 2179 et·
957 2130 1020 2198 per
1049 2120 1104 2177 ss·
1119 2111 1234 2198 ipsa

32 2326 36 2333 η
115 2224 201 2293 satis
237 2223 332 2291 clara¹
352 2231 439 2295 suut
472 2234 662 2317 vocantque
693 2227 738 2297 ab
766 2231 856 2296 omui
876 2226 1129 2316 ambiguitate,
1159 2222 1233 2295 ei

114 2364 177 2432 per
196 2349 302 2413 totam
322 2328 526 2435 Theolbgiae
544 2346 766 2434 nogmaucae
786 2345 1047 2436 pertractandae
1065 2341 1231 2415 meibo-

115 2462 200 2535 dum.
221 2463 484 2533 Hermesianam'
498 2468 547 2534 ita
574 2464 896 2549 confirmentur,··ut
924 2485 968 2532 ne
995 2466 1232 2535 unussima

117 2579 254 2673 peridem
274 2579 425 2650 fallaciae
446 2585 597 2671 suspicio
618 2584 763 2652 suboriri
782 2580 903 2672 possit.
951 2578 994 2650 si
1014 2576 1232 2652 caruerurli

115 2699 238 2771 idonea
253 2702 385 2784 notitia,
406 2723 507 2791 quam
528 2722 721 2791 comparare
742 2700 865 2769 sibiet
884 2704 1067 2787 potuerant
1088 2708 1127 2771 et
1140 2703 1233 2771 de·

115 2816 386 2909 buerunt332quis
414 2822 525 2889 iustus
546 2820 671 2889 arbiter
697 2809 880 2905 dubitabit,
911 2822 993 2909 quin
1012 2823 1235 2909 pessimat!

117 2936 185 3005 sibi
203 2916 320 3015 notum
339 2942 567 3021 contraxerint
585 2939 684 3009 valde
704 2924 913 3030 praepopera
933 2942 971 3007 et
990 2940 1237 3034 incantare·

117 3051 319 3154 causatione?
359 3055 401 3125 Si
421 3056 609 3128 babuerunt
630 3065 665 3126 et
685 3057 812 3127 babent
837 3058 999 3142 notitiam,
1026 3054 1240 3145 quomorlll

116 3177 251 3264 possint
283 3186 369 3244 esse'
385 3179 499 3263 quieto
527 3179 655 3262 animo,
686 3198 755 3245 uon
782 3174 939 3264 intelligo.
981 3172 1062 3263 ligo
1090 3180 1246 3245 certes

118 3313 274 3361 severum
308 3295 485 3363 iustissimi
519 3295 586 3363 Dei
617 3295 775 3364 iudicium
805 3296 1032 3364 extimescens
1039 3335 1062 3378 ‚·
1079 3294 1252 3361 'maliffl

117 3411 281 3480 bonorum
308 3414 452 3479 omnium
471 3413 604 3481 'fecisse
630 3416 816 3498 iacturam,
838 3433 939 3502 quam
960 3412 1256 3501 casparsissse

118 3533 153 3598 in
172 3531 296 3620 vulgus
323 3537 382 3599 ant
407 3532 549 3600 Romam
570 3531 745 3618 detulisse,
773 3552 861 3620 quae
887 3528 1034 3600 nonnulli
1055 3534 1091 3600 in
1113 3528 1249 3600 cea

120 3652 229 3718 mania
250 3653 323 3734 viri,
344 3653 461 3719 nescio
477 3669 545 3738 quo
560 3651 674 3718 studio
695 3649 840 3740 impulsi,
856 3648 904 3717 de
918 3649 1096 3718 Hermesio
1111 3650 1251 3719 flea

9 3835 13 3843 ,
119 3771 344 3858 mesianisquc
376 3767 574 3855 evulgarunt
606 3776 665 3838 aut
694 3771 738 3839 ad
768 3766 1030 3849 sanctissimum
1064 3768 1165 3836 Patre
1245 3776 1256 3808 '¹

121 3886 320 3954 detulerunt.
364 3886 455 3955 Nlbil
477 3909 602 3971 eorum,
625 3911 712 3976 quae
733 3888 820 3956 locis
843 3910 947 3978 supra
967 3888 1079 3956 allatis
1101 3885 1246 3974 ‚le

122 4026 178 4071 res
200 4003 388 4071 Catholici‘
411 4004 651 4090 clamaverunt,
679 4011 854 4095 oppressis
876 4013 990 4103 tamen
1009 4002 1254 4075 dominini

125 4126 208 4208 suis,
229 4123 321 4209 nibil,
350 4125 498 4214 inquam¹
523 4125 623 4215 plane
648 4125 731 4195 nibil
752 4148 829 4195 eum
855 4128 999 4199 veritate
1020 4110 1243 4195 consen-‘ti
