2596 4778
137 488 223 563 poem
238 472 270 541 ln
287 466 352 539 luoc
371 488 494 559 genere
520 468 673 539 clarum
697 466 1016 559 intelligentium
1041 472 1180 563 pararll

135 588 219 659 veluti
235 572 308 657 loco
328 586 384 659 illo
404 590 541 677 ungui,
570 608 670 679 quem
690 608 735 655 ex
756 584 879 657 ductio
905 596 1050 659 sumtum
1075 590 1179 685 Epis-

132 728 219 797 capm
237 726 333 775 suum
352 704 450 773 iecit:
493 702 574 791 „On
594 726 638 773 ne
659 706 730 774 voit
749 724 814 794 pas
836 724 878 774 ce
899 728 966 795 que
987 708 1053 779 l’on
1074 716 1177 783 croit:
1273 708 1278 713 ’

129 828 197 895 mus
213 824 324 915 quand
342 844 388 891 on
408 828 463 891 est
482 820 562 892 hicn
588 826 720 892 instruit
741 824 804 891 des
824 844 970 913 preuves
990 826 1035 897 de
1055 828 1088 897 la
1108 830 1178 899 lle·

128 942 224 1033 igion,
249 962 294 1012 on
313 943 403 1010 voit
430 940 676 1011 clairemcnt
696 940 800 1029 (clare
822 942 1070 1033 intelligimus),
1099 948 1177 1037 qu¹il

128 1060 245 1131 lautla
265 1061 383 1129 croire.
432 1060 485 1129 La
520 1059 662 1129 droite
690 1060 832 1129 raison
859 1061 1032 1131 couduit
1065 1064 1177 1136 alors

127 1178 186 1249 lla
209 1177 474 1265 nevelatron,
507 1178 590 1248 dont
615 1176 678 1247 elle
706 1178 874 1247 decouvre
904 1178 937 1247 lu
962 1186 1176 1253 necessit&

127 1296 194 1365 eth
210 1300 365 1365 sdrett.
400 1296 484 1367 rcl“
538 1296 659 1365 Refert
692 1297 794 1385 igion
822 1294 1018 1389 Episcopus
1048 1321 1176 1371 summe

127 1414 310 1485 imerubiIis
331 1414 455 1483 claram
473 1412 739 1506 intelligentiam,
769 1412 813 1485 de
834 1414 1083 1507 qua'loquitur,
1110 1438 1177 1490 uon

93 1556 96 1563 ·
127 1530 241 1623 dipsa
262 1532 436 1623 dogmata,
467 1530 532 1603 s⁸ed
551 1532 596 1603 ad
623 1532 986 1623 supernaturalem
1015 1541 1051 1604 et
1077 1535 1176 1605 divi-

94 1700 98 1711 .
128 1668 192 1719 nrm
215 1650 389 1720 doctrinae
414 1646 616 1721 christianae
646 1654 850 1741 originem
875 1659 911 1722 et
936 1652 980 1721 ud
1012 1654 1176 1723 credibili·

84 1853 88 1859 Ι
129 1772 206 1839 aen
231 1768 334 1838 huius
359 1769 557 1839 doctrinac.'
582 1767 686 1839 Plano
707 1770 841 1855 eodem,
872 1790 939 1838 non
961 1770 1042 1856 ulio,
1074 1774 1177 1841 refert

84 1895 87 1902 '
126 1882 310 1973 -knesius,
330 1885 428 1955 simul
447 1892 558 1957 tamen
578 1888 692 1955 intimo
713 1890 821 1957 animo
836 1900 1027 1976 agnoscens
1048 1895 1175 1977 myste-

95 2074 98 2081 ,
138 2002 344 2095 innigionis
374 2003 461 2073 benc
492 2003 603 2072 multu.
655 2004 771 2093 Atque
802 2006 869 2074 hoc
898 2009 947 2074 itu
975 2022 1016 2072 so
1050 2006 1174 2077 habero

83 2122 108 2224 Ιἶ.
141 2126 346 2209 pessimum
371 2130 427 2191 est
445 2130 516 2191 tum
538 2141 583 2189 ex
602 2127 674 2190 tota
695 2125 768 2208 via,
796 2144 864 2213 quo
884 2122 1100 2191 Hermesium'
1115 2120 1174 2195 dc·

87 2244 91 2253 '
133 2232 283 2311 ¹mirare
323 2238 575 2311 credibilitatem
616 2241 789 2311 doctrinae
834 2240 1034 2311 chistianae
1068 2262 1172 2331 snpra

132 2360 324 2444 melmun
354 2364 425 2429 tum
445 2378 490 2429 cx
509 2356 600 2427 locis
622 2357 910 2445 luculentissimis,
942 2381 1030 2449 quos
1051 2364 1173 2451 partim

129 2474 525 2561 incommemoratum,
545 2480 664 2566 partim
685 2478 770 2547 infra
790 2478 993 2565 adiiciemus.
1038 2476 1103 2564 „Si
1123 2482 1172 2546 in-

126 2592 290 2685 Qimus,
310 2592 541 2684 cumphysica
561 2596 767 2666 necessitato
788 2596 972 2684 neumas,
992 2618 1073 2684 erga
1087 2596 1172 2664 llder

123 2714 245 2801 pendere
265 2733 334 2784 non
353 2720 468 2802 potest
482 2735 502 2779 a
515 2712 680 2798 libertate,
700 2734 811 2803 neque
830 2714 897 2785 Dei
919 2713 1039 2781 donum
1057 2716 1173 2783 esse.“

122 2826 202 2903 hora
231 2852 316 2903 vero
342 2830 615 2920 tsi-intelligimus
646 2840 844 2920 oportere
873 2852 938 2899 nos
967 2832 1107 2901 credere
1128 2850 1173 2901 cx

120 2954 237 3021 minuis
263 2954 400 3041 imperio
426 2948 553 3039 ((ῙιιιιιιΙ
581 2968 625 3017 on
651 2953 722 3017 voit
748 2948 940 3017 clairement
971 2949 1049 3037 qu’il
1080 2942 1173 3018 faut

119 3072 230 3158 croire)
250 3091 320 3139 nan
339 3072 405 3137 iam
424 3066 509 3136 fides
524 3070 652 3156 suscipi
665 3074 781 3156 potest
793 3070 859 3134 uisi
879 3067 1171 3136 intercedente

117 3182 234 3259 libera
254 3187 430 3277 quadam
455 3186 696 3255 voluntatis
725 3188 910 3268 actione,
940 3184 985 3251 ad
1005 3182 1092 3252 lianc
1113 3206 1172 3252 au·

115 3308 168 3375 lm
184 3304 324 3375 liberam
345 3309 509 3375 actionem
530 3308 668 3393 propter
687 3306 901 3372 resistentem
929 3300 1176 3390 cancupisces-³

113 3424 178 3493 iun
197 3424 298 3496 nobis
319 3424 472 3494 omnihus
499 3426 645 3491 iurnatam
671 3421 727 3490 vel
752 3424 894 3490 maximo
921 3420 1072 3507 indigere
1090 3442 1171 3509 pos·

76 3562 79 3589 ¹
111 3562 216 3612 mmm
236 3542 396 3630 singulari
421 3540 566 3630 quodam
594 3543 749 3609 interiore
779 3538 893 3607 afflatu
919 3544 1021 3627 atquc
1048 3522 1195 3607 auxilio

108 3660 220 3732 lirino.
262 3663 345 3731 Ruit
365 3660 464 3748 igitur
484 3658 642 3726 Vestrum
664 3658 742 3727 illud
763 3659 926 3743 dilemma,
946 3660 1115 3749 Vosque
1104 3662 1172 3747 apsi

104 3784 235 3851 ιἠιιιιιι
256 3780 370 3848 iacere
391 3776 535 3860 debetis,
555 3778 621 3843 nisi
640 3776 832 3845 alterutrum
853 3775 1081 3844 contendatis:
1113 3782 1173 3865 aut

85 3898 262 3969 nminem
295 3917 400 3986 posse
434 3894 478 3961 ad
509 3915 594 3961 eam
628 3890 952 3983 intelligentiam
985 3897 1172 3980 pervenire,

100 4038 165 4109 qua
182 4016 378 4105 intelligitur
404 4019 603 4103 oportere
630 4018 669 4080 ut
696 4012 887 4097 credamus3
922 4017 982 4078 aut
1000 4011 1131 4079 talem
1121 4030 1171 4078 nr·

100 4136 333 4227 telligonticm,
354 4136 385 4203 si
405 4136 626 4220 comparetur,
657 4151 793 4219 perse
814 4128 946 4197 solam
966 4128 1111 4213 efficere,
1132 4135 1172 4196 ut

912 4248 967 4313 ⁷*
