2514 4792
75 238 82 289 '
568 268 636 352 'ar

113 470 417 560 enumerantem
430 468 598 537 muidmse.
634 469 904 560 Nametsiplura
917 482 997 546 sunt
1010 477 1144 549 demon·

115 590 214 659 strudi
222 610 338 678 genera
349 590 462 657 -sic
472 586 629 657 alludent
637 586 881 677 syntheticum,
904 592 1145 690 aliudjnunlytl·

118 728 187 791 eun,
203 707 275 777 aliud
295 707 471 791 directum,
496 706 586 775 uliud
606 708 836 795 apagogicum,
864 709 952 779 aliud
973 718 1148 792 conficitur

75 850 77 905 ς
118 830 276 913 argumentis
295 848 341 895 ex
360 824 434 893 solu
454 827 582 893 ratione
603 823 753 910 haustis,
785 826 874 896 aliud
894 838 1082 906 annectitur
1101 840 1146 909 ad

75 962 81 1027 r
112 944 188 1014 facta
201 953 335 1031 muron,
356 945 402 1013 ad
421 944 612 1011 testimonia
633 948 668 1010 et
689 948 921 1016 auctoritatem
935 986 990 1036 ·-,
1010 960 1146 1029 tmnetsi

75 1082 83 1143 ιΙ
114 1062 507 1147 lsslttrruusuntetiuter
518 1052 739 1130 sesediversa
749 1063 995 1138 demonstrandi
1006 1094 1145 1161 genera:

119 1182 204 1247 umen
218 1189 247 1251 et
263 1182 385 1253 nullum
406 1187 472 1263 est,
499 1180 591 1268 quod
611 1201 678 1247 non
703 1178 895 1252 intellectus
923 1195 982 1257 aut
1007 1196 1145 1265 rationis

75 1362 82 1395 r
115 1308 193 1365 usum
207 1300 370 1384 desideret,
392 1305 428 1367 et
449 1301 556 1368 omnis
577 1298 686 1367 solida
712 1299 949 1372 demonstratio
972 1329 1012 1377 eo
1034 1310 1145 1401 dirigi·¹

75 1453 79 1479 ε
118 1418 177 1497 tur,
190 1424 225 1485 ut
242 1420 477 1489 obscuritatem
495 1417 616 1507 pellat,
650 1416 835 1488 claritatem
862 1431 1001 1512 augeat,
1035 1431 1147 1500 eiiciat

75 1550 78 1555 ⁴
123 1534 278 1625 munum-
293 1536 525 1607 certitudinem
544 1535 600 1605 vel
620 1537 739 1606 afferat
757 1536 814 1606 vel
835 1542 1023 1631 confirmet,
1054 1536 1146 1621 nien·
1170 1612 1174 1623 ,

121 1652 404 1747 leuiquodummodo
431 1655 636 1743 obstringat,
664 1677 775 1744 neque
796 1656 957 1730 lluctnare
979 1661 1045 1733 lruc
1066 1652 1145 1737 illuc

117 1770 233 1853 patietur.
272 1776 447 1847 Putodsne
480 1772 673 1862 'l‘lreologos
698 1772 774 1842 illos
805 1798 873 1846 non
908 1780 1048 1849 solidam
1083 1786 1151 1855 sed'

117 1884 300 1972 ronanam
327 1892 407 1961 {idei
432 1892 563 1961 divinae
597 1892 910 1961 demonstrationem
938 1919 1019 1968 esse
1046 1921 1145 1970 eona·

120 2001 182 2069 ¹⁰⁸3
197 2018 241 2081 tut
255 1984 400 2081 voluisse
422 2030 483 2080 eos
504 2012 548 2079 ab
570 2011 634 2079 lanc
656 2011 937 2080 demonstratione
965 2016 1146 2088 excludere

125 2136 223 2193 omnen
241 2133 365 2199 rationis
393 2127 514 2198 usum?
551 2138 609 2197 aut
629 2151 695 2197 non
715 2130 922 2216 propositum
949 2132 1016 2199 sihi
1041 2134 1146 2204 habu·
1231 2136 1233 2141 ’

125 2235 357 2335 unumunurm
370 2247 595 2338 ponderandis
610 2246 884 2336 explicandisque
900 2247 980 2319 illud
1000 2240 1146 2341 efficere,

123 2358 154 2421 ¹¹²
169 2356 331 2439 'lentulus
365 2372 493 2439 ratione
530 2389 592 2434 sua
623 2372 717 2434 recte
753 2367 925 2434 utentibus
959 2368 1081 2457 plana
1112 2382 1148 2444 et

119 2488 230 2561 aperta
245 2485 437 2557 essetfidet
458 2488 588 2555 divinae
609 2482 876 2553 necessitasl
918 2487 1070 2576 Longum
1093 2498 1148 2562 est

75 2646 77 2675 :
115 2590 163 2665 lun
177 2618 275 2677 onnes
291 2605 501 2694 d'heologos,
533 2626 674 2694 quorum
693 2606 825 2672 nomina
853 2605 1035 2674 clarissima
1057 2592 1148 2696 sunt,

113 2732 264 2797 munerare
285 2732 322 2796 et
342 2726 536 2811 exscriptis
559 2742 672 2790 eorum
695 2744 876 2811 congerere
898 2729 1066 2793 enuntiata
1080 2728 1147 2797 Ve-
1208 2704 1213 2717 ¹

75 2816 77 2821 ⁵
109 2841 170 2909 rus
184 2846 341 2915 conunria
361 2840 588 2933 opinionibus:
610 2847 757 2908 attamen
776 2841 855 2908 urihi
875 2848 1060 2930 temperare
1081 2867 1148 2914 non

105 2978 228 3050 possum,
255 2966 337 3055 quin
363 2962 567 3030 Duumviros
594 2966 729 3027 nostrae
751 2961 874 3026 aetatis
896 2962 1146 3047 praestantissi-

97 3100 169 3166 mos,
197 3084 239 3151 alr
260 3070 349 3151 omni
368 3081 519 3149 haeresis
547 3078 739 3165 suspicione
760 3096 908 3160 vacuos,
941 3078 1145 3165 eosdemque

91 3208 120 3269 et
136 3200 353 3273 sanctissimo
374 3200 466 3267 l‘atri
488 3205 523 3266 et
543 3197 824 3265 Eminentissimis
847 3192 885 3263 S.
908 3197 949 3261 R.
972 3194 1014 3261 Ε.
1032 3192 1147 3262 Cardi-

84 3322 203 3393 nalilus
223 3320 314 3389 haud
335 3318 435 3386 dubie
455 3314 725 3405 probatissimos,
746 3319 856 3380 testes
878 3310 1061 3379 adhibeam·

156 3440 488 3513 bicbermannus
509 3430 647 3521 scripsit
668 3431 997 3517 „Institutiones
1018 3429 1146 3498 Theo-

75 3563 273 3655 iflgieasf‘
295 3558 381 3625 satis
402 3555 677 3623 omnihusnotas.
720 3549 778 3620 Ex
791 3550 851 3618 his
866 3546 1146 3632 Institutionibus,

75 3650 364 3783 [neuradmo'dum'
385 3676 548 3762 comperi,
584 3676 618 3740 in
648 3674 724 3759 ipso
757 3667 903 3757 Collegio
937 3664 1171 3773 Germanico,

75 3804 161 3901 [uod
182 3800 314 3869 Romae
335 3796 448 3877 llorei,
475 3814 523 3859 ss.
545 3789 729 3877 Theologia
749 3787 906 3871 traditur,
935 3792 976 3853 ut
996 3780 1149 3852 dubitare

75 3944 165 4001 remo
199 3919 329 4007 possit,
363 3916 444 4003 quin
471 3909 705 3979 Liehermanni
732 3908 935 3989 sententiae,
967 3905 1149 3992 praecipue

75 4034 353 4121 indumentales,
389 4042 424 4101 et
451 4028 657 4118 aSupremo
685 4025 851 4095 ecclesiae
878 4024 1039 4093 Antistite
1068 4026 1150 4090 eta

878 4144 979 4230 igitur
1010 4137 1148 4208 luichen-

929 4259 947 4294 a

75 4159 222 4249 20llegio
254 4139 476 4225 Cardinalium
508 4128 742 4237 approbentu'r.
795 4140 876 4211 lbi

555 4310 558 4315 -
891 4260 917 4329 5
