2514 4792
78 438 82 445 '
107 426 291 496 Praeterea
313 428 344 493 si
363 427 510 509 modus
530 431 719 517 respicitur,
741 449 808 517 quo
823 428 908 496 sides
929 428 1099 499 inhaereat

11 548 130 617 menti
147 551 295 629 nostmc,
316 544 371 613 vel
390 545 573 635 physice
592 548 837 615 necessaria
859 554 914 614 est
927 547 982 616 vel
1001 548 1098 638 phy·

16 668 120 737 sice
140 684 217 730 uon
237 668 499 734 necessaria.
542 667 714 733 Posterior
741 662 904 751 significat
930 671 1099 737 assensio-

13 804 112 868 nem,
135 804 222 872 quae
244 784 428 868 suscipitur
447 785 675 853 intercedente
695 781 801 850 libera
814 780 993 851 voluntate.
1036 786 1099 852 At·

10 920 91 991 que
112 900 202 969 haec
221 901 329 969 forma
348 903 502 988 profecto
523 904 623 970 etiam
650 900 740 967 cadit
766 901 799 965 in
820 898 918 965 fidem
944 901 1098 987 divinam,

13 1020 244 1088 christianam
264 1026 301 1089 et
322 1019 535 1088 catholicam:
558 1020 636 1107 quis
656 1020 744 1085 euim
764 1017 850 1084 hauc
873 1019 993 1086 dixerit
1012 1019 1097 1108 phy-

16 1138 101 1204 sice
121 1141 351 1205 necessariam
373 1136 475 1207 esse?
517 1135 559 1205 Si
580 1141 691 1220 esset,
721 1140 813 1202 certe
835 1137 935 1201 etiam
955 1134 1098 1207 Scribas

18 1260 60 1325 et
80 1253 257 1327 Pharisaei
275 1230 515 1341 credidissent,
547 1257 605 1342 qui
632 1254 876 1319 sanctissimam
896 1252 983 1320 Jesu
1006 1254 1099 1325 Chri·

22 1374 76 1439 sti
100 1373 206 1439 vitam
231 1381 307 1443 ante
333 1374 452 1443 oeulos
477 1372 665 1455 habebant,
698 1373 756 1459 qui
780 1375 1100 1458 praestantissimam

26 1487 215 1557 doctrinam
233 1490 276 1559 ah
298 1514 339 1562 eo
359 1492 514 1561 traditam
535 1498 571 1561 et
595 1491 817 1558 testimonium
845 1488 887 1556 dc
914 1493 1021 1581 ipsius
1041 1517 1100 1563 na-
1134 1528 1139 1542 ·

12 1612 102 1675 'hura
124 1607 238 1677 datum
257 1610 454 1695 audiebant,
485 1612 544 1699 qui
571 1613 666 1696 signa
688 1614 724 1674 ct
743 1607 901 1675 miracula
927 1612 1100 1682 intueban-

23 1729 80 1793 tur
97 1730 232 1814 patrata
253 1726 298 1794 ah
320 1748 361 1797 eo
382 1749 449 1795 non
470 1729 513 1796 ad
535 1728 800 1810 ostentationem,
828 1728 891 1794 sed
912 1736 951 1796 ut
970 1731 1100 1800 miseris

24 1849 129 1931 atque
150 1844 286 1913 afflictis
305 1844 495 1914 hominihus
514 1845 712 1913 levationem
733 1846 874 1913 afferret
930 1848 1101 1937 Numquid

22 1964 125 2050 igitur
150 1961 238 2049 hauc
264 1961 363 2030 fidem
390 1963 621 2047 christianam,
650 1969 829 2049 propterea
856 1963 946 2048 quod
972 1969 1101 2054 suscipi

27 2100 100 2147 non
125 2085 243 2167 potest
265 2082 331 2148 nisi
360 2080 587 2149 intercedente
619 2078 723 2145 libera
749 2077 930 2145 voluntatis
957 2083 1100 2169 actione,

32 2194 187 2267 dicemus
206 2203 359 2267 temeram
380 2206 439 2267 aut
460 2220 598 2269 caecam
621 2217 713 2280 esse,
735 2214 889 2283 eumque,
911 2201 970 2285 qui
989 2205 1119 2268 susci?

26 2315 120 2403 piat,
152 2336 217 2383 non
240 2338 343 2405 posse
373 2323 465 2385 certo
493 2320 686 2404 argumento
708 2321 744 2382 et
764 2315 884 2382 idoneo
905 2337 1010 2384 causa
1030 2342 1100 2389 mo·

24 2437 101 2503 veri
127 2434 173 2503 ad
199 2434 470 2505 assentiendum?
512 2434 614 2507 Immo
646 2455 728 2501 vcro
760 2439 888 2503 tantum
916 2434 1031 2521 abest,
1063 2445 1102 2505 ut

22 2553 121 2621 istud
143 2529 284 2625 concedi
304 2555 371 2622 ullo
393 2556 492 2622 modo
515 2552 648 2636 debeat,
670 2559 708 2623 ut
728 2551 825 2639 plane
849 2558 1045 2622 contrarium
1067 2563 1103 2624 et
1136 2578 1141 2593 ’

21 2675 193 2741 sentiatur
212 2672 256 2741 ab
278 2673 408 2741 homine
430 2673 583 2753 indocto,
605 2672 664 2757 qui
683 2693 798 2758 puram
820 2677 920 2758 atque
942 2676 1103 2759 integram

20 2798 172 2861 mentem
192 2780 306 2877 hahet,
328 2790 421 2859 etad
436 2793 586 2881 strictam
607 2791 767 2856 scientiae
788 2792 948 2856 amussim
969 2791 1100 2859 demon-

24 2912 129 2977 strari
162 2912 282 2998 possit
354 2907 428 2991 Qua
464 2910 504 2976 de
542 2930 579 2976 rc
614 2892 715 2995 quid'
732 2911 855 2975 sentiat
888 2909 1100 2991 Hermesius,

20 3033 151 3118 postea
178 3028 378 3112 disseretur,
407 3026 465 3094 uhi
486 3028 529 3096 de
556 3026 620 3092 alia
640 3026 718 3093 iidci
746 3012 976 3093 distributione
999 3046 1101 3112 expo-

19 3148 205 3217 suerimus.
240 3120 244 3129 ”

81 3236 203 3331 xNam
218 3264 248 3330 si
262 3266 432 3352 quaeritur
446 3263 488 3330 dc
502 3262 581 3329 iidei
603 3260 811 3348 dignitate
834 3266 869 3327 et
889 3257 1103 3346 praestan·

20 3386 106 3469 tia,
144 3403 261 3451 rursus
294 3381 417 3470 duplex
449 3382 555 3449 sonna
587 3382 715 3448 existit:
752 3378 808 3447 vel
835 3381 921 3446 enim
949 3379 1104 3444 rationi

19 3505 312 3571 consentanea
337 3497 422 3565 fides
445 3506 500 3567 est
526 3498 581 3566 vel
606 3500 754 3566 rationi
779 3519 859 3564 non
886 3502 1103 3563 consenta-

14 3620 153 3706 nea’fi.
196 3616 245 3685 Et
265 3619 409 3705 priorem
431 3617 564 3705 quidem
585 3617 724 3686 formam
744 3617 941 3685 Hermcsius
961 3616 996 3683 in
1018 3614 1104 3680 omni
1223 3676 1232 3683 .

16 3768 57 3805 t·

56 3855 82 3922 ⁸)
110 3852 195 3904 Plane
212 3851 264 3905 hoc
282 3856 362 3905 modo
378 3854 462 3905 lutino
479 3854 644 3906 reddendum
661 3859 713 3912 cst,
739 3855 811 3922 quod
829 3853 863 3905 ab
881 3854 1021 3905 Hermcsis
1038 3854 1104 3905 ‹lici-

116 3945 162 3990 tur
186 3941 437 4007 vcrnfinitigcr
465 3946 493 3990 et
521 3939 815 4007 unveruiiuitiger
846 3937 995 3990 Glauhe.
1039 3937 1105 3987 Nam

118 4023 250 4081 vocabula
271 4018 481 4093 ¹vcuniiuftig
500 4029 529 4074 ci
544 4023 800 4092 unvcruiinltig
822 4042 926 4095 semper
950 4024 1023 4092 apud
1040 4020 1104 4073 Gor·

99 4126 197 4163 munos
214 4110 284 4163 idem
303 4109 468 4178 significant,
486 4111 559 4179 quod
575 4108 887 4179 vcruuultgcmiias
905 4109 1017 4175 (radoni
1031 4124 1105 4159 coa·
