2514 4792
481 222 532 287 87

75 395 409 491 ³ffl.theoretiorrnr
446 410 481 469 rt
516 408 746 491 praetioarn
783 407 825 473 ah
863 408 1035 475 llnrrnosio

75 510 132 593 lum,
147 540 216 587 esso
238 541 258 585 o
284 518 494 609 Philosophia
523 521 699 605 Cantiarm,
732 528 830 611 qnasi
857 546 920 591 rnnr
950 528 1036 593 idern

91 630 247 705 ducamen
267 638 385 705 iisdem
406 645 503 707 otiam
527 642 668 708 vooibus
682 642 823 709 l'eeerhrt
843 643 1035 731 Philosophi

75 752 108 816 tl
129 762 158 823 et
179 756 336 839 Romani,
368 762 465 845 quasi
495 782 562 825 non
591 760 677 827 idern
709 762 849 831 l'eoorint
874 760 1037 847 'l'lreologi

75 864 190 957 lhstiei,
224 878 323 961 quasi
353 898 419 943 non
447 878 551 961 idern,
586 880 617 943 si
644 880 752 943 minus
780 878 896 944 iisdorn
923 878 1035 945 verbis

75 988 152 1075 dois,
176 990 297 1059 saltem
317 994 429 1081 quoad
449 1016 586 1061 sensnm
607 1017 722 1061 omnes
735 996 884 1063 hominos
899 998 1035 1077 laeiant,

75 1110 203 1177 ationem
223 1112 423 1197 ipsisalleo
442 1116 665 1199 ingeneratum
681 1116 887 1201 praecipere,
908 1114 1034 1197 iubere,

75 1244 131 1295 nro
154 1228 219 1295 hoe
245 1228 325 1296 illud
351 1231 523 1297 allirmant
566 1231 623 1299 Ex
643 1232 767 1299 Vestra
794 1234 960 1298 sententia
986 1234 1033 1297 in·
1082 1224 1088 1237 '

75 1362 100 1411 n
118 1353 170 1415 est
188 1347 304 1415 iubere
326 1352 542 1433 rationem,
571 1354 610 1417 ut
629 1350 783 1417 libidines
804 1370 1033 1425 coerceamus,

90 1464 181 1533 alteri
206 1468 355 1533 iniuriam
382 1468 576 1553 afferamus,
608 1474 644 1537 et
664 1469 726 1537 alia
751 1468 853 1535 multa
878 1467 1033 1535 huiusce-

109 1580 217 1669 Quid?
253 1588 351 1651 etiam
376 1584 441 1653 hoe
467 1588 628 1655 incertum
656 1595 710 1655 est
736 1588 849 1655 iubere
877 1592 913 1653 et
933 1588 1034 1673 irnpe-

75 1705 258 1771 ·ationem
278 1704 377 1769 nobis
397 1707 613 1791 insidentem,
641 1714 679 1774 ut
700 1708 843 1774 divinam
864 1706 1034 1772 doctrinar

75 1822 164 1891 ianoe
185 1824 344 1908 originem
365 1824 559 1908 credamne,
581 1832 617 1891 et
636 1826 712 1891 Deo
735 1823 895 1891 revelanti
917 1822 1033 1899 tinnis,

75 1938 198 2007 roden
218 1940 443 2007 adhibeamus.
486 1944 573 2009 Nam
594 1944 625 2007 si
651 1943 781 2009 omnino
811 1941 946 2007 dubium
967 1945 1033 2021 est,

75 2074 106 2123 os
124 2059 246 2145 quidem
267 2061 432 2143 statuitis,
453 2058 635 2145 habeatne,
656 2081 765 2126 amnon
785 2059 927 2141 habeat,
948 2058 1033 2139 ratio

75 2176 98 2241 ri
114 2174 184 2245 data
202 2199 224 2244 a
244 2178 321 2245 Deo
343 2180 442 2244 etiam
462 2176 655 2245 facultatem
677 2184 713 2244 et
732 2180 829 2267 quasi
849 2177 1031 2263 potentiam

75 2294 152 2379 Icum,
171 2316 241 2383 qua
262 2298 456 2382 praecipiat,
484 2295 609 2381 iubeat,
630 2298 785 2384 imperet,
811 2294 948 2362 liberam
968 2291 1029 2359 ho-

81 2410 277 2480 roluntatem
292 2415 335 2479 ad
354 2415 497 2481 honesta
518 2414 649 2502 dirigat,
671 2414 714 2481 ab
734 2414 919 2481 inhonestis
934 2431 1030 2477 aver-

75 2533 259 2619 monesque
281 2535 385 2619 ipsius
408 2536 442 2599 in
462 2538 532 2603 vita
545 2533 751 2618 moderetur3
772 2532 870 2600 saeile
892 2534 1031 2618 apparet

81 2653 328 2716 sanctissimum
349 2650 428 2718 illud
450 2651 550 2719 ollieii
570 2659 797 2741 praeceptum,
819 2650 910 2739 quod
931 2646 1029 2725 modo

75 2772 408 2854 rememoravimus,
443 2793 510 2838 non
541 2793 646 2858 posse
680 2771 883 2838 confidenter
911 2766 1030 2834 rationi

90 2887 226 2975 lienique
257 2890 428 2954 ineertmn
471 2889 522 2955 lta
547 2888 601 2971 lit,
634 2889 736 2955 atad
758 2885 958 2954 eredendum
980 2884 1035 2949 di-.

88 3005 258 3073 doetrinae
281 3004 479 3073 christianae
502 3008 676 3093 originem,
698 3010 844 3092 itemque
865 3003 909 3069 ad
930 3001 1028 3068 fidem

75 3124 214 3193 evelanti
241 3125 461 3193 adhibendam
481 3147 548 3191 non
575 3147 663 3192 eum
690 3126 852 3191 ratione
875 3127 910 3188 et
931 3121 1026 3185 rati-

80 3246 197 3310 iussu
223 3248 397 3332 pervenire
425 3244 574 3311 homines
602 3249 742 3331 queant,
776 3241 840 3308 sed
865 3245 905 3341 ut
936 3239 1026 3304 sine

75 3364 247 3446 ratione,
279 3363 313 3428 id
340 3366 394 3429 est
420 3384 558 3448 prorsus
585 3363 709 3429 temere
737 3359 937 3428 credendum
965 3357 1026 3421 sit:

75 3482 180 3567 opinio
209 3487 302 3546 reela
329 3483 383 3545 via
411 3480 454 3544 ad
491 3478 883 3559 caecutianismum,
916 3475 946 3541 si
972 3475 1026 3539 fas

75 3619 200 3666 enovo
214 3598 378 3669 voeabula
401 3600 460 3681 uti,
481 3598 645 3684 perduelt,
666 3598 946 3682 vehementerque
960 3614 1027 3658 non

86 3719 250 3783 communi
269 3718 404 3783 Patrurn
426 3738 467 3782 ae
488 3716 733 3803 'theologorum
760 3715 1026 3781 doctissimorum

76 3837 160 3920 tiae,
193 3836 256 3902 sed
286 3838 386 3903 etiam
415 3837 522 3901 saeris
544 3834 662 3900 litteris
685 3839 854 3921 repugnat.
897 3830 1028 3899 Eodem

76 3954 160 4038 Vos,
188 3957 299 4041 quiin
321 3956 446 4020 rationo
469 3952 547 4020 nihil
567 3956 638 4019 lore
659 3958 792 4038 praetor
819 3953 896 4017 vim
922 3952 1026 4017 iner-

75 4073 261 4161 rgnosoitiS,
283 4075 406 4160 quique
429 4096 501 4140 eam
522 4074 654 4159 negatis
675 4078 734 4138 aut
754 4070 873 4138 saltem
894 4068 1027 4136 dubium
