2514 4792
568 282 646 349 llo

53 468 205 555 gratiam
226 464 389 533 affinnare
411 465 634 534 debet·etiam
655 466 699 532 ad
720 464 785 533 boc
806 466 960 535 absolute
982 466 1147 541 necessa'

55 588 147 651 riam
162 562 267 671 essm,
299 592 336 653 ut
358 588 482 653 oriatur
509 584 697 663 innomine
723 585 809 653 fides
836 588 945 655 divina
974 590 1140 673 salutaris,

54 708 102 771 ut
126 726 171 771 ex
190 708 299 771 animo
313 705 422 772 Jesus
437 702 592 773 Christus
614 704 770 773 credatur
790 706 922 793 legatus
937 707 1014 791 Dei,
1037 710 1141 779 llilius

56 820 271 891 Deial’atre
285 826 411 891 missus
426 845 468 889 ac
483 822 691 910 Redemptor
712 826 845 910 generis
866 823 1015 893 humani:
1037 850 1141 915 quan-

59 942 244 1029 doquidem
265 944 349 1009 ista
370 941 483 1011 fides
512 943 616 1010 oriri
638 949 678 1009 et
706 944 871 1029 suscipi
891 965 968 1010 non
993 954 1142 1033 potest

59 1062 150 1137 nisi
175 1080 248 1147 per
272 1062 495 1129 victoriam
519 1060 578 1129 de
615 1035 965 1148 concupiscentia
1000 1086 1140 1152 repor-

59 1180 252 1277 tandam,
285 1181 320 1265 id
348 1183 419 1266 est,
453 1179 520 1249 nisi
545 1181 742 1268 gravissimo
765 1186 800 1247 et
822 1178 962 1269 'capitali
995 1186 1148 1255 satisfiat.

60 1298 196 1395 afficio,
228 1319 296 1389 quo
328 1298 480 1367 iubemur
511 1305 663 1383 avertere
695 1305 840 1366 mentem
872 1307 907 1367 et
935 1300 1139 1373 voluntatem

60 1424 214 1487 noemam
240 1440 261 1485 a
282 1412 383 1485 rebus
410 1417 644 1500 terrestribus,
675 1424 871 1485 convertere
899 1419 943 1485 ad
969 1422 1080 1501 Deum
1105 1434 1141 1494 et

61 1538 258 1615 doctrinam,
271 1534 485 1604 christianam
505 1543 574 1605 tam
595 1542 822 1624 praestantem
840 1542 958 1604 natura
973 1561 1036 1607 suo
1056 1548 1139 1610 tam·

60 1677 130 1745 que
152 1654 329 1723 lucidentis
352 1662 387 1723 et
412 1656 536 1723 validis·
560 1658 765 1744 argumentis
793 1657 1043 1743 comprobatam
1071 1684 1139 1728 am-

58 1774 177 1863 plecti,
214 1775 344 1841 etiarnsi
374 1771 430 1841 vel
460 1776 602 1842 maxime
638 1771 823 1843 reluctante
856 1779 1139 1865 concupiscentia.

58 1894 137 1959 Nec
160 1912 241 1959 vero
263 1892 342 1959 illud
367 1893 536 1960 offendere
563 1890 681 1959 debuit
694 1892 763 1960 ·vel
789 1915 905 1959 ansam
927 1893 1007 1960 dare
1029 1904 1139 1985 suspi-

60 2010 188 2093 cionis,
224 1992 315 2099 quod
340 2012 538 2079 Hermesius
559 2013 594 2077 in
614 2008 796 2077 artronum.
818 2008 942 2077 Philus.
966 2010 994 2100 d.
1017 2020 1070 2081 (ts
1092 2016 1140 2083 ait

57 2152 167 2219 posse
193 2129 452 2197 fundamentalia
481 2128 648 2218 religionis
676 2151 869 2217 morumque
899 2129 1054 2216 dogmata
1075 2155 1139 2201 seu

39 2260 175 2319 'veram
196 2248 412 2337 Theologiam
426 2246 609 2317 naturalem
629 2250 769 2315 inveniri
791 2249 969 2315 rationis
991 2252 1059 2315 via
1081 2257 1140 2341 aut

58 2375 180 2437 recto
213 2368 392 2435 rationis
422 2389 510 2435 usu.
552 2367 696 2433 Primum
723 2368 810 2433 enim
838 2366 958 2434 eodem
978 2366 1055 2437 loeo
1078 2368 1138 2437 ad-

56 2486 186 2581 iungit,
218 2492 256 2553 ut
287 2508 409 2575 reapse
441 2487 655 2575 perveniatur
682 2485 727 2551 ad
754 2505 894 2553 veram
921 2485 1139 2575 Theolog'iam

56 2602 260 2688 naturalem,
291 2606 483 2693 superanda
505 2624 586 2674 esse
607 2605 750 2701 manime
771 2602 1021 2691 impedimenta,
1050 2630 1138 2696 quae

57 2728 173 2822 struet
192 2722 355 2789 humanae
376 2704 514 2789 naturae
535 2726 754 2811 perversitas,
776 2724 921 2811 ideoque
935 2723 1036 2793 talem
1050 2726 1140 2795 The-

58 2842 202 2931 ologiam
225 2812 486 2933 difficillime
507 2847 637 2908 tantum
651 2844 788 2909 rationis
800 2844 856 2909 via
871 2844 944 2915 sine
959 2850 1137 2917 externo

56 2959 273 3031 revelationis
299 2959 560 3047 supernaturalis
588 2960 777 3029 adiumento
806 2964 991 3046 comparari
1021 2982 1136 3048 posse.

56 3078 193 3149 Deinde
215 3098 352 3166 quaero,
374 3098 417 3171 an
438 3078 578 3164 formula
598 3078 700 3144 baec:
724 3080 887 3159 „rationis
899 3098 976 3161 usu,
999 3082 1137 3147 rationis

55 3201 138 3267 via“
160 3196 216 3265 vel
236 3196 353 3265 similis
379 3196 584 3265 excludat
605 3199 731 3284 gratiae
758 3197 954 3262 internae
975 3218 1137 3285 superna·

45 3314 177 3401 ,taralis
198 3312 461 3383 necessitatem?
496 3315 534 3382 ld
557 3319 614 3404 qui
634 3313 811 3397 affinnant,
833 3321 892 3381 aut
913 3336 958 3383 ex
972 3317 1138 3387 Hermesii

56 3438 227 3505 sententia
249 3433 485 3501 affirmandum
499 3456 579 3501 esse
607 3439 795 3515 autumant,
828 3430 863 3499 bi
882 3433 961 3501 milri
982 3436 1138 3504 videntur

55 3574 262 3651 magnopere
283 3556 505 3640 praecipitare
527 3553 693 3619 iudicium.
737 3548 816 3638 lpse
836 3548 1034 3621 Hermesius
1055 3552 1138 3642 quid

56 3676 103 3745 de
124 3674 190 3741 hac
211 3696 249 3741 re
271 3677 432 3758 senserit,
461 3694 538 3740 cum
559 3693 603 3739 ex
631 3668 861 3759 superioribus
882 3670 981 3739 facile
1001 3668 1139 3761 intelligi

54 3799 188 3886 potest,
209 3799 279 3860 tum
301 3792 426 3859 diserte
448 3793 482 3857 in
502 3786 663 3877 Theolog.
685 3788 841 3876 Dogmat.
862 3789 900 3857 P.
922 3787 978 3855 [Π.
999 3792 1136 3878 psol,

53 3914 119 3984 ubi
148 3913 257 4000 agitur
285 3908 327 3978 de
348 3911 490 3999 paganis
510 3908 605 3995 laege
627 3906 836 3991 carentibus,
867 3906 921 3976 his
942 3908 1056 3977 verbis
1078 3932 1138 3979 ex·

50 4052 217 4133 ppessum
244 4034 315 4095 est:
359 4025 534 4113 ,‘,0stendi
561 4027 596 4092 in
627 4023 877 4095 Introductionc
903 4026 1143 4117 Philosopbica·

50 4172 168 4248 posse
193 4146 358 4219 bominem
380 4148 517 4225 rationis
538 4146 594 4213 via
614 4180 658 4197 ·-
679 4162 887 4245 quanquam,
913 4151 953 4212 ut
978 4144 1033 4217 bie
1053 4145 1137 4214 vidi·

876 4260 936 4329 ⁸*
