2596 4778
626 259 690 353 ‘sa

115 470 235 541 talium
256 472 492 561 principiorum
512 468 665 559 exempla
686 470 858 559 proponit,
879 472 978 543 immo
999 478 1098 547 etiam
1118 498 1197 549 sex·

114 596 221 657 centa
248 586 312 656 alia
341 588 490 655 eiusdem
515 590 648 677 generis
675 592 859 657 enumerari
885 612 991 679 posse
1018 598 1196 669 existimat

113 708 203 793 Vos,
226 710 256 775 si
277 705 436 797 placebit,
463 706 651 795 inspiciatis
672 704 757 772 haec
779 708 941 796 exempla,
970 720 1015 796 et,
1032 682 1076 783 'si
1096 725 1196 805 pote.

112 827 205 909 ritis,
228 826 418 893 contructis.
462 824 593 893 Eodem
614 829 726 914 oapi
747 826 949 894 Muratorius
972 827 1056 897 haec
1076 830 1196 903 hahet:

113 944 397 1028 „Noninsaui
423 944 554 1011 minus
573 944 603 1010 ii
624 950 724 1011 sunt
751 964 799 1010 ae
829 942 1094 1033 deplorandi,
1127 956 1197 1039 qui
1237 998 1242 1011 ,

113 1064 252 1129 omniu
272 1062 314 1129 vi
335 1058 436 1128 suae¹
464 1062 642 1129 rationis
670 1064 844 1151 assequi
871 1083 999 1151 posse
1026 1065 1113 1136 sibi
1139 1073 1195 1139 vi·

111 1178 285 1263 dentur,
315 1200 436 1267 quarn
457 1181 526 1269 qui
546 1178 656 1248 nilril.
700 1180 755 1248 Eo
783 1186 975 1267 argumenta
1000 1188 1117 1277 nostru
1144 1192 1195 1255 aa

111 1302 249 1365 tentum
275 1294 434 1365 lectorem
461 1317 528 1366 nou
555 1297 740 1384 deducunt,
766 1318 877 1386 neque
904 1320 1003 1388 porro
1026 1300 1194 1372 deducere

109 1419 273 1505 possunt
315 1416 403 1483 Non
430 1418 680 1515 extinctum,
706 1417 783 1484 scd
809 1417 1012 1483 infirmum
1035 1437 1133 1487 esse
1154 1423 1196 1489 in

110 1530 278 1599 lromine
315 1534 495 1621 rationis
531 1536 732 1622 vigorem,
768 1540 811 1603 et
841 1555 979 1602 verum
1011 1535 1194 1606 difficile

111 1669 247 1739 posse
269 1650 480 1719 acsolcro
511 1653 693 1721 inveniri
725 1652 921 1737 ‹linimus3
955 1660 1195 1723 nouantem

116 1770 211 1835 cius
232 1768 474 1838 inveniendi
495 1792 607 1859 spem
624 1790 777 1838 omnem
797 1769 1081 1837 sustulimus.“
1123 1773 1195 1841 Vos

118 1888 170 1953 ita
187 1883 372 1973 loquimini,
404 1890 502 1974 qnasi
529 1885 633 1955 nihil
659 1884 800 1975 amplius
822 1887 856 1951 iu
877 1882 1008 1954 homine
1029 1890 1113 1956 ratio
1135 1912 1195 1957 va·

123 2000 206 2077 leat,
222 2005 395 2093 quasiuou
416 2003 649 2071 obscurata
670 2025 711 2070 uc
734 2002 957 2071 debilitata
978 2006 1034 2088 sit,
1057 2007 1119 2073 sed
1133 2028 1193 2095 pe·

127 2121 214 2187 nilus
237 2124 428 2190 extincta
454 2129 513 2192 aut
539 2122 657 2190 saltem
678 2121 722 2187 ad
748 2119 940 2188 facultatem
966 2142 1074 2188 rnero
1100 2144 1193 2210 pas-

113 2238 245 2306 sivum
265 2238 414 2325 deiecta3
435 2240 558 2329 quihus
580 2238 732 2307 omuibus
753 2236 833 2304 nihil
853 2228 970 2325 potest
984 2260 1004 2303 a
1018 2235 1084 2306 fine
1105 2238 1191 2307 chri-

110 2358 224 2425 stiana
249 2363 353 2445 atque
382 2357 547 2425 catholiea
573 2358 679 2445 magis
706 2377 786 2424 esse
812 2355 963 2431 alienum
1006 2353 1079 2424 Sed
1108 2376 1192 2443 quo-

109 2478 202 2543 niam
216 2476 364 2543 fortasse
377 2497 493 2563 parum
507 2474 652 2542 tribuitis
665 2474 859 2560 llluratorio,
880 2476 1077 2564 praesertim
1090 2495 1193 2562 quum

108 2600 208 2663 totns
232 2596 305 2662 eius
326 2592 411 2661 liber
425 2594 468 2661 oa
481 2592 688 2681 Ingeniorum
708 2592 938 2661 Moderatione
962 2582 1038 2659 ciuu
1051 2592 1192 2660 Herme-

106 2714 207 2781 suana
228 2712 415 2799 inquirendi
437 2733 479 2778 ac
504 2710 694 2799 disputandi
715 2712 769 2777 via
791 2692 926 2779 mirifice
949 2711 1136 2798 conspiret,
1158 2712 1192 2778 iu

104 2830 301 2899 memoriam
321 2827 510 2896 revocanda
532 2832 621 2913 suut,
654 2849 741 2914 quae
763 2827 960 2911 Bautaeuio‚
981 2826 1079 2915 plane
1100 2828 1190 2894 suui-

107 2946 153 3014 lia
173 2966 218 3013 uc
239 2944 312 3014 Vos
333 2947 531 3036 proferenti,
560 2948 594 3011 in
614 2943 770 3032 Epistola
790 2943 846 3011 illu
868 2944 911 3010 ab
933 2946 1008 3030 ipso
1036 2941 1190 3013 Sanctis·

112 3066 194 3132 simo
216 3064 317 3134 Patre
339 3064 524 3154 approbata
546 3068 623 3130 ante
645 3059 762 3128 oculos
783 3064 898 3150 posuit
918 3060 1113 3148 Episcopus
1125 3063 1188 3129 Ar-
1220 3072 1224 3079 '

58 3220 62 3243 ·.
116 3184 366 3269 gentorateusis.
410 3180 480 3267 „Si
500 3179 850 3263 labefactorem,
872 3181 988 3267 iuquit,
1012 3179 1190 3245 rationis

58 3308 70 3368 lu
118 3302 333 3390 principia,
364 3300 512 3389 religio
540 3303 683 3366 nostra
711 3299 797 3365 crit
823 3295 1005 3363 absurda
1027 3301 1076 3362 et.
1094 3295 1189 3364 ridi-

123 3416 212 3485 cula.
255 3422 310 3489 At
337 3420 518 3487 relicere
545 3438 592 3485 ea
621 3435 754 3482 noune
782 3420 849 3481 est
875 3409 1189 3481 labefactarci“

124 3534 209 3606 llitto
237 3537 303 3605 alia
330 3537 481 3604 eiusdem
506 3536 649 3623 generis.
698 3529 828 3615 Quodsi
862 3532 962 3618 igitur
989 3534 1068 3597 sunt
1094 3534 1189 3597 certa

58 3644 87 3758 Ξῖ
125 3657 246 3723 rationis
268 3655 441 3744 principia,
463 3657 499 3720 ct
519 3654 550 3719 si
564 3674 607 3719 ex
628 3650 681 3717 lris
696 3652 796 3717 etiam
817 3653 909 3716 certo
932 3646 1056 3734 aliquid
1078 3646 1189 3734 colligi

58 3735 83 3847 ri
124 3776 243 3857 potest,
271 3771 370 3840 facilc
398 3770 588 3857 intelligitur
610 3769 793 3857 disruptam
813 3785 893 3833 esne
922 3766 1187 3832 coniunctionem

58 3888 85 3935 ‘l
120 3890 343 3974 umbrorum,
377 3912 421 3957 ex
441 3887 564 3991 quihus
585 3886 709 3955 Vestra
729 3884 785 3952 illa
811 3885 1052 3970 argumentatio
1075 3882 1186 3949 cousi·

58 3974 80 4106 Ξ
117 4010 180 4095 sit,
199 4030 265 4079 uec
285 4029 392 4096 posse
411 4007 557 4095 legitimo
586 4005 685 4073 modo
707 4001 751 4069 ad
778 4000 877 4068 linem
896 3996 1004 4067 Vobis
1030 4000 1184 4087 proposi-

114 4130 176 4197 om
195 4127 371 4216 perveniri.
414 4124 550 4191 Dicetis
576 4127 630 4190 me
659 4123 726 4189 vim
752 4119 906 4188 intulisse
934 4117 1068 4185 Vestris
1093 4117 1184 4202 ipso·

921 4233 982 4300 6*
