2514 4792
543 260 598 323 00

35 446 152 529 Fiden,
173 466 241 535 qua
254 443 320 512 hoc
334 442 513 526 credimus,
533 448 670 510 nonest
682 448 821 527 temera,
842 460 963 527 caeca,
981 439 1073 519 honie

35 565 180 652 indigna,
201 563 263 631 sed
284 564 433 631 rationi
454 562 623 628 maxime
644 568 943 643 consentanea,
964 560 1068 649 qur*

37 683 172 773 quidem
203 683 247 750 ad
278 703 353 750 eam
383 679 630 767 suscipiendam
664 686 835 768 propter
869 678 1065 749 luculenter

38 800 280 870 divinitatio
315 798 596 867 characteres
631 820 708 865 cum
745 798 902 867 doctrina
935 818 955 865 c
1091 846 1094 879 ,

40 920 343 1006 coniunctosipsa
363 919 527 985 ratione
548 915 751 985 adducimur.
794 916 990 987 Mutivum
1035 916 1041 933 ¹

39 1035 133 1122 fidei,
165 1058 253 1126 quae
279 1037 324 1105 ad
350 1034 541 1105 altiorem
568 1038 766 1125 originem
787 1036 959 1105 doctrinae
1023 1034 1030 1053 ⁶
1079 1052 1083 1067 ·

40 1175 125 1223 anae
145 1157 307 1245 pertinet,
336 1158 484 1242 positum
505 1160 561 1223 eet
584 1155 620 1222 io
649 1156 759 1241 ipsis
795 1152 1032 1223 characterii
1078 1168 1094 1232 p

39 1273 139 1341 modo
162 1276 443 1357 commemoratia3
471 1294 548 1365 nam
568 1275 627 1341 ioti
647 1271 875 1359 characteres,
906 1272 1035 1373 obiecti
1078 1302 1094 1349 ιι

40 1391 184 1477 scilicet,
204 1391 240 1459 id
254 1396 311 1457 eut
325 1411 400 1459 cum
414 1391 565 1459 doctrina
580 1391 759 1473 christiana
768 1396 930 1479 tanquam
946 1380 1054 1459 odiret
1083 1416 1094 1467 ι

43 1510 224 1592 coniuncti,
245 1512 365 1578 rationi
377 1516 514 1578 noemae
532 1517 691 1599 tanquam
710 1507 912 1591 subiecto
931 1526 1053 1599 propo}
1088 1520 1094 1581 i

43 1631 109 1711 tur,
130 1647 195 1695 uec
215 1649 398 1717 possumus
417 1649 485 1697 nou
505 1629 643 1699 eosdem
663 1634 816 1699 utverua
839 1628 1001 1697 divinitatio
1013 1624 1057 1697 ὼ,
1086 1658 1094 1722 p

43 1752 195 1815 ractereo
215 1767 401 1835 agnoscere
422 1753 458 1815 et
479 1748 628 1831 credere,
648 1749 715 1815 nisi
735 1747 933 1817 deficiamus
949 1747 1056 1817 auur
1086 1776 1094 1841 ῃ

43 1866 137 1955 ipsa,
168 1888 268 1952 quam
294 1865 392 1934 Deus
418 1866 516 1935 nobis
543 1868 760 1956 ingeneravit
780 1942 784 1949 ,
802 1864 875 1938 Est
896 1862 1052 1941 ΜΨ»
1089 1898 1094 1939 ι

45 1982 89 2053 de
112 2006 179 2073 qua
200 1984 383 2073 loquimur,
405 2004 472 2055 nun
492 2007 600 2054 merc
622 1985 1047 2075 theoretica,·ioet,n
1092 1996 1094 2003 '

44 2122 97 2175 ex
117 2102 212 2170 sola
232 2106 421 2175 rationis
441 2112 617 2175 nostrae
637 2100 962 2195 perspicientia,
977 2112 1052 2185 eaqlt

44 2220 174 2310 plena
206 2228 248 2291 et
281 2226 494 2311 perfecta,
517 2226 859 2314 proficiscens,-
879 2227 1002 2313 ideoque
1019 2230 1055 2281 U

45 2338 227 2426 physice
259 2346 533 2427 necessariam
568 2343 632 2411 ned
653 2344 838 2431 euscipitur
869 2366 922 2411 ex
947 2332 1056 2427 imperi·

45 2459 232 2528 rationis
258 2463 478 2549 practicae
503 2464 578 2531 aive
605 2460 778 2530 moralis
800 2501 844 2515 -
872 2460 1054 2545 munifi*
1092 2516 1094 2528 .

46 2577 138 2659 vium
157 2575 362 2646 theoreticae
383 2581 521 2647 rationis
542 2579 709 2663 iudicium,
731 2588 770 2648 ut
789 2588 886 2669 patet
907 2603 951 2651 ex
967 2564 1056 2667 ipa*

46 2696 287 2785 monstratione
308 2700 493 2786 proposita,
521 2720 589 2765 non
610 2700 741 2767 omnino
764 2698 954 2769 excluditur
969 2700 1057 2779 *st*
1088 2698 1094 2764 Ι

47 2810 125 2878 inde
145 2812 370 2882 moraliter
391 2817 916 2908 necessariaeoteademque
934 2798 1059 2885 litor!d
1092 2894 1094 2901 Ι

48 2930 283 3016 meritoria3
319 2955 419 3021 quam
449 2935 697 3021 qui'adlribent
727 2942 762 3003 et
788 2928 1060 3005 servant-⁰¹¹
1092 2953 1094 2993 ἓ

48 3054 161 3117 autem
182 3049 342 3120 adhibere
364 3059 399 3123 et
420 3073 556 3121 servare
579 3053 715 3137 debent,
744 3055 923 3124 dummodo
949 3030 1063 3123 raud
1091 3070 1094 3109 ³

49 3158 168 3255 genter
189 3175 293 3259 atque
314 3173 374 3254 ita,
395 3178 434 3239 ut
455 3174 564 3260 ipsum
589 3171 740 3259 postulat
759 3172 924 3258 officium,
953 3142 1065 3239 tutaud
1090 3188 1094 3225 ¹

51 3288 274 3356 conditionem
303 3277 516 3358 considerent
543 3292 718 3377 paratique
746 3293 816 3359 sint
836 3293 882 3361 ad
909 3274 1068 3361 ohedufl

51 3406 170 3473 rationi
190 3445 244 3491 -,
271 3407 305 3473 iu
325 3407 378 3474 his
399 3410 549 3475 nascitur
571 3414 607 3475 ct
625 3409 781 3495 persistit
809 3407 1017 3477 certitudo
1032 3406 1072 3489 ΙΨ,

53 3522 168 3608 ralis,
189 3523 288 3613 plena
309 3526 444 3612 quidem
465 3525 521 3592 iiia
542 3532 578 3595 et
597 3527 750 3614 perfecta
771 3529 951 3615 certitudo,
972 3521 1025 3595 uod

53 3639 159 3707 ralis
180 3650 359 3728 propterea
381 3646 625 3732 cognominata,
647 3646 736 3731 quia,
758 3652 797 3713 ut
817 3653 912 3715 recte
935 3630 1079 3715 etiamst

52 3758 252 3827 bemuauuuu
274 3767 320 3831 ait
340 3762 417 3832 loco
440 3784 543 3850 supra
564 3761 683 3847 allato,
710 3784 772 3850 pro
794 3764 1007 3835 fundamento
1023 3746 1085 3829 W

139 3980 185 4030 nia
207 3979 369 4041 omittimus,
393 3998 573 4050 aequavero,
600 3988 630 4033 ut
655 3983 683 4032 in
701 3981 743 4035 hio
769 3984 872 4038 diutino
890 4002 1036 4049 moremur,
1049 3976 1091 4055 P*

139 4081 219 4134 quarn
241 4067 387 4134 praecipuo
410 4069 494 4118 totius
516 4068 753 4121 demonstrationi·
776 4068 966 4131 Hermesime
983 4069 1094 4142 erpino

139 4150 290 4220 potuimus,
310 4150 367 4204 ullo
385 4160 465 4223 puoto
483 4170 552 4223 opus
570 4170 628 4206 rose
645 4154 760 4208 ridetur.
