2514 4792
88 376 203 511 Atque
229 418 376 489 hicnon
401 417 580 487 mediocris
606 420 736 489 tructus
764 425 820 489 est
846 408 972 491 ΜΗ
988 412 1045 491 hrt

88 542 157 629 qui
181 554 384 629 nunquam
409 530 685 605 obliviscitur
718 502 853 635 titisse
880 533 949 627 se,
974 536 1045 633 tini

88 654 155 757 vel
174 656 380 723 maximam
400 654 613 723 solertiam
633 652 845 743 adhibeat,
866 658 1002 730 tamen
1018 648 1045 729 it

89 768 397 863 quisitionibus
432 770 527 843 suis
559 794 713 843 errare
763 766 838 846 Seri
866 764 966 846 slishi
987 792 1045 869 pra

87 886 174 985 ipsi,
204 898 241 963 et
269 899 376 983 pmpe
407 892 562 977 dixerim,
592 894 750 963 maiorem
781 864 927 967 tructam
939 881 1045 967 ibri

90 1033 165 1082 eam
184 1012 234 1100 (ivl
254 1012 346 1081 est
334 1032 410 1101 rpso
431 1012 524 1079 iacto
550 1012 778 1101 revelationis)
803 1025 867 1085 tris
894 986 1043 1087 monnio

89 1124 203 1201 biliter
228 1150 336 1219 agens
362 1148 442 1198 sese
470 1128 637 1218 declarat,
665 1130 811 1221 ideoque
843 1132 1028 1231 comprobat

87 1238 215 1317 'visibili
240 1248 455 1316 invisibilium
476 1242 703 1334 existentiam
738 1242 865 1341 tht'lsi
880 1240 982 1343 'ig'iiut
996 1238 1043 1323 s'ss

88 1364 243 1435 revelans
255 1368 331 1455 ipse
344 1366 442 1435 Deus
464 1370 529 1449 est,
550 1365 617 1435 hoc
637 1368 713 1457 ipso
735 1346 935 1461 comprobat
954 1380 1040 1441 tenth

91 1488 231 1565 lationis
256 1482 421 1552 hannanae
448 1488 669 1571 cognitionem
695 1476 983 1575 helmbrahti,
1005 1475 1038 1557 it

91 1608 133 1671 et
152 1596 435 1691 vigentiorcm
455 1603 561 1671 iacit
582 1608 622 1671 et
642 1600 817 1703 roborat
837 1608 964 1677 litem
984 1612 1036 1675 itt

90 1722 140 1790 (lo
170 1738 274 1808 cam,
305 1744 385 1811 qua
419 1722 629 1790 credimus
667 1726 947 1817 existentiam
964 1712 1045 1807 liri,

91 1844 220 1909 ctiam
261 1856 341 1930 qna
383 1839 591 1909 credimus
633 1842 742 1909 alias
782 1822 1045 1939 quascunque!

90 1959 354 2046 invisibiles,
387 1978 491 2049 quas
523 1963 652 2029 ratis.
667 1960 810 2045 docet,
844 1980 874 2027 c.
905 1956 1045 2051 giblii

89 2082 230 2147 nortem
262 2078 535 2164 continuandam,
556 2078 805 2147 retributionem
826 2078 986 2147 honorant
1000 2064 1045 2147 'tt

90 2186 172 2265 min
214 2196 282 2265 llic
302 2199 434 2267 fructus
456 2190 521 2283 est,
544 2214 644 2285 quem
666 2200 766 2265 etiam
788 2162 1045 2267 doctissintts'ii

91 2316 180 2404 phus
194 2316 351 2405 percipiit
364 2338 410 2385 ex
429 2317 645 2400 revelatione,
666 2315 725 2383 ubi
744 2316 829 2385 haec
850 2319 939 2386 intra
958 2316 1045 2385 solu*

90 2432 214 2499 nalium
229 2435 453 2520 cognitionum
472 2432 648 2503 limitasse
663 2438 827 2503 continet:
850 2441 978 2505 atvero
995 2438 1045 2503 ins

92 2550 249 2620 mabile
271 2552 365 2618 eius
385 2552 563 2647 pretium
585 2558 652 2619 est
673 2558 714 2620 ct
734 2552 1008 2645 Philosophia
1025 2572 1045 2620 e·

94 2670 169 2758 qui
195 2666 442 2756 Philosophi
471 2689 552 2736 non
583 2677 700 2757 sunt,
732 2692 851 2759 quum
880 2663 985 2740 ilios'
1010 2652 1045 2737 ih

88 2786 265 2856 -csccdit
285 2824 328 2839 -
348 2808 430 2855 esse
455 2794 566 2855 autem
587 2796 658 2858 tum
684 2808 821 2877 quoque
841 2788 944 2857 iidem
962 2792 995 2859 ei
1011 2788 1045 2857 nl

96 2906 182 2991 tam,
203 2910 345 2995 apparet
366 2926 410 2973 ex
431 2908 669 2993 superioribus.
714 2904 840 2989 Quam
860 2908 1045 2977 multant

94 3018 255 3108 tiones,
277 3045 383 3112 quas
404 3033 478 3093 aut
499 3028 667 3113 quaerit
688 3031 857 3093 autnon
879 3031 1044 3115 quaerit

93 3148 258 3226 nostra,
289 3165 397 3231 quae
432 3151 669 3232 pugnantes
697 3164 775 3210 nos
806 3150 964 3243 contru-
993 3151 1042 3215 im

97 3263 479 3350 concupiscentiae
500 3264 606 3329 haud
628 3284 718 3329 raro
741 3262 959 3332 violentos
979 3272 1045 3335 tan

96 3401 170 3447 arn
189 3383 315 3449 unies
336 3382 455 3447 firma
475 3383 586 3449 tueri
612 3389 818 3469 possunt,
850 3406 958 3471 quse
978 3408 1045 3455 ner

95 3500 300 3565 r'iaesur'rt
320 3498 371 3566 ad
401 3500 762 3589 tranquillitatem
786 3508 996 3591 nostram,
1027 3524 1045 3576 s

97 3612 179 3683 lies
217 3616 401 3684 millenis
441 3602 694 3704 horninibus,
737 3621 986 3691 innocentia
1028 3648 1045 3693 n

99 3732 499 3821 deperdita,unicam
515 3740 608 3824 spci
621 3759 811 3805 ancoram
824 3740 1045 3831 praebens

101 3850 273 3938 multas,
310 3856 486 3942 inquam,
524 3856 727 3923 eiusmodi
764 3842 1039 3945 cognitiones

102 3972 303 4041 stimahili
336 3977 474 4065 pretio
516 3972 735 4041 nobiscum
773 3985 1045 4053 commun-icat

101 4090 206 4160 testi
249 4086 394 4178 ltaq'ua
416 4095 507 4179 ipsa
529 4091 633 4157 hauc
654 4090 781 4161 habet
802 4098 898 4179 vim,
921 4104 1045 4171 cisso]
