2596 4778
606 277 685 343 loo

104 464 193 531 cisse
215 460 321 529 nohis
339 459 501 547 videmur,
522 466 561 529 ut
580 460 701 528 rrcratul
720 458 835 527 haruin
856 482 963 528 rerum
984 458 1179 551 intelligenti

108 576 159 649 rel
189 580 413 647 tenuissimus
448 578 626 667 scrupulus
662 575 905 647 adhaerescere
937 584 996 647 aut
1030 581 1181 651 residere

113 702 227 785 queat;
246 695 351 785 idque
371 700 480 785 ipsum
501 720 603 785 quurn
624 696 721 785 plane
743 696 889 765 sufficiat
909 695 953 763 ad
974 696 1182 767 adversario-

116 838 180 883 rum
201 814 438 884 conclusiones
466 816 685 902 evertendas,
706 836 886 904 possemus
912 812 969 882 hie
995 814 1185 885 subsistere

118 938 315 1021 nostraeque
336 931 541 1001 defensionis
572 932 670 1000 tinem
690 934 812 1003 theere.
866 932 945 1003 Non
969 922 1112 1000 iacimus
1133 940 1185 1003 to·

120 1070 199 1137 ιιειι,
218 1049 284 1118 sed
304 1070 348 1119 cx
368 1048 550 1121 abundanti
569 1070 658 1119 nuno
678 1050 758 1120 illud
778 1070 915 1141 qnoque
936 1048 1114 1119 ostender-'o
1133 1048 1193 1119 lu'·‘

122 1166 184 1254 ltet,¹
203 1168 238 1235 in
258 1188 315 1254 eo,
336 1189 436 1258 quam
456 1170 631 1259 agitamus,
652 1172 861 1258 quaestione,
883 1182 967 1237 sano
985 1162 1114 1237 lubrico
1134 1174 1185 1239 at·

127 1308 183 1377 que
212 1284 357 1373 difficili,
392 1308 460 1356 non
489 1308 595 1379 posse
626 1308 826 1377 quemquam
861 1288 961 1355 otiam
994 1288 1186 1375 positivo

128 1406 214 1475 nodo
233 1412 313 1475 cum
333 1404 485 1475 doctrina
507 1403 671 1475 catholica
690 1408 799 1493 magis
826 1412 1087 1476 consentaneum
1107 1424 1189 1473 esse

121 1523 301 1597 Jlermesio.
343 1520 419 1607 Qua
446 1523 547 1593 dere
575 1523 778 1594 consulenda
805 1530 862 1593 est
888 1522 1092 1611 Theologiae
1117 1523 1190 1591 llo·

135 1645 281 1730 gnaticao
300 1642 386 1711 Pars
406 1640 479 1727 111.;
512 1662 590 1711 nam
614 1642 662 1709 ihi
689 1641 873 1711 doctrinam
900 1641 944 1712 de
971 1644 1077 1729 gratia
1103 1642 1190 1709 ller-

136 1764 242 1829 ncsius
266 1762 345 1829 inde
371 1782 392 1827 a
418 1782 493 1849 pag.
520 1764 603 1827 tltt
625 1781 738 1849 usqne
765 1762 809 1827 ad
833 1782 909 1851 pag.
938 1764 1019 1829 5111
1051 1762 1192 1851 copiose
1235 1840 1239 1850 Ι

139 1886 312 1965 mrhuctat
355 1878 491 1969 Ecquid
517 1880 616 1965 igitur
636 1876 693 1945 vel
718 1880 879 1946 acerrima
905 1877 1076 1947 oculorum
1096 1874 1192 1945 acie's

144 1992 188 2061 hio
206 2000 345 2089 reperire
369 1999 510 2086 poterit,
547 1995 637 2084 equod
665 2014 733 2071 non
763 1996 808 2062 ad
839 2016 982 2083 unguem
1003 1988 1193 2063 consentiat

152 2132 209 2181 cun
222 2114 368 2185 doctrinm
388 2111 577 2181 catholica‘l
619 2110 697 2200 Ego
725 2120 818 2182 certe
844 2114 961 2201 rogavi
985 2109 1194 2201 Theologrnn

145 2232 261 2301 muira
284 2232 506 2302 orthodoxum
520 2236 554 2299 et
569 2232 765 2319 ceteroquin
777 2218 1016 2301 llermesianae
1034 2229 1194 2300 methodo

137 2368 237 2437 purum
255 2352 435 2435 faventem,
456 2356 495 2417 ut
516 2349 766 2437 diligentissime
788 2350 896 2416 omnia
915 2346 1114 2438 perlegeret,
1132 2349 1197 2417 'mi-

136 2464 235 2557 hique,
255 2471 287 2538 si
309 2467 389 2558 quid
408 2470 603 2555 reperisset,
625 2466 716 2558 qnod
737 2466 931 2554 offenderet,
958 2474 1075 2557 aperte
1088 2460 1196 2557 proil-

134 2590 258 2655 tcretnr.
299 2586 444 2657 Peracta
464 2608 567 2675 opera
587 2590 736 2653 testatus
758 2584 905 2653 estnihil
925 2588 1058 2654 omnino
1077 2586 1198 2655 occur<

131 2706 233 2792 risse,
260 2706 358 2795 quod
384 2710 506 2795 posset
531 2704 599 2771 ullo
626 2702 727 2772 modo
754 2704 932 2773 offendere.
975 2704 1054 2775 Non
1080 2704 1200 2773 atthret

128 2820 191 2893 hoc
211 2822 348 2915 quidem
371 2828 522 2912 tempore
548 2821 715 2890 Hermesii
741 2827 920 2891 tractatum
948 2820 991 2891 de
1011 2825 1119 2909 gratia
1139 2842 1199 2890 ex-

127 2940 276 3011 scribere
295 2948 419 3011 tohrmt
451 2940 617 3031 quemme
641 2940 774 3008 deliniat
795 2960 920 3027 genus,
953 2958 1039 3026 quas
1065 2942 1200 3027 generis

127 3060 252 3131 lormas
274 3058 457 3144 discernat,
479 3059 560 3149 qnid
580 3056 624 3126 de
641 3040 785 3145 'singulis
806 3058 921 3124 formis
942 3070 1122 3147 carrasque
1141 3078 1200 3124 ne-

128 3179 292 3247 cessitate
313 3177 446 3263 doceat,
475 3174 643 3267 quomodo
669 3174 808 3244 libertas
830 3174 1010 3243 voluntatis
1030 3190 1107 3242 cum
1127 3194 1202 3261 gra·

127 3298 174 3365 tia
197 3296 368 3367 conciliari
387 3296 509 3385 possit,
533 3300 568 3363 et
588 3316 675 3383 quae
695 3300 777 3361 sunt
796 3292 861 3359 alia
882 3294 1016 3380 generis
1036 3292 1202 3359 eiusdemt

126 3415 341 3485 satisfactam
362 3419 426 3482 erit
446 3413 585 3480 corasilio
606 3418 744 3497 nostro,
772 3413 804 3479 si
825 3409 988 3499 capitales
1009 3404 1204 3495 sententias,

127 3554 259 3623 easque
280 3532 325 3601 ad
345 3532 621 3620 Pelagianismum
640 3530 696 3598 vel
716 3520 1079 3620 semipelagianismum
1104 3550 1202 3618 spec·
1292 3549 1296 3557 ·

127 3658 257 3735 tantes,
278 3654 556 3740 proposuerimus.

217 3766 335 3837 Omnis
357 3770 512 3859 quaestio
535 3768 577 3835 de
598 3767 725 3856 gratiae
747 3758 946 3849 actualis,
975 3757 1075 3856 quam
1094 3764 1205 3834 Theo·

126 3890 198 3979 logi
220 3894 357 3972 vocant,
377 3888 583 3955 necessitate
604 3885 778 3954 referenda
799 3884 917 3951 estad
938 3883 1101 3952 salutis:
1115 3906 1206 3973 ope·

127 4010 345 4077 rationem.
389 4004 572 4095 operamur
593 4010 704 4071 autem
725 4004 876 4086 salutem,
898 4006 928 4070 si
949 4002 1005 4070 lex
1026 4002 1207 4091 spiritualis

129 4126 213 4217 lego
246 4122 372 4193 carnali
402 4126 554 4212 superior
584 4124 676 4191 lacta
707 4123 741 4190 iu
773 4118 871 4189 nohis
901 4127 973 4203 est,
1004 4120 1105 4209 idque
1141 4128 1208 4187 tam
