2514 4792
532 306 611 379 128

69 511 136 561 nm
155 508 205 558 ac
226 494 388 559 unicam
408 490 584 559 medium
606 512 721 579 esse,
749 511 828 580 quo
854 489 1107 579 homonasse-

69 612 112 676 ri
131 610 271 697 possit
292 609 674 698 supernaturalium
694 604 915 679 veritatum
936 608 1108 702 cogniti·

69 732 191 796 rem.“
233 726 411 797 Faciamus
432 731 557 817 itaque,
578 734 617 797 nt
637 728 703 797 duo
725 727 822 813 haec,
849 750 989 819 quorum
1008 755 1109 803 uuum

106 846 209 916 altero
230 833 297 914 non
318 846 439 932 differt
462 849 662 917 coniunctim
682 852 935 937 pertractemus,

124 957 320 1034 Hermesius
342 969 374 1034 si
394 986 512 1037 revera·
533 972 697 1035 statueret
710 968 906 1055 principium
917 967 1018 1037 modo
1032 975 1110 1040 ante
1156 1044 1159 1049 ,

69 1082 331 1153 mnemoratum
354 1086 637 1175 contenderetque
652 1089 813 1155 veritates
829 1088 1111 1178 supernaturales,

97 1208 154 1270 est
173 1204 416 1291 supernaturali
435 1206 535 1274 modo
555 1204 710 1290 nuditas,
733 1203 798 1272 suh
820 1226 862 1273 ea
881 1210 1010 1273 tontum
1032 1226 1112 1279 con·

69 1322 182 1407 tione,
209 1324 241 1390 si
261 1323 399 1392 easdem
424 1326 511 1393 ratio
540 1322 683 1393 hurdana
705 1344 749 1392 ex
770 1326 842 1392 suis
868 1322 1001 1411 legibus
1034 1346 1111 1413 per·

69 1442 174 1510 icere
194 1449 334 1530 posset,
364 1464 432 1512 non
452 1446 589 1534 propter
609 1446 764 1511 motiva
791 1438 981 1526 externa,
1013 1445 1114 1512 etiam

69 1580 118 1625 ne
137 1560 192 1629 illa
206 1564 344 1632 rationis
365 1564 603 1650 perspicientia
616 1562 803 1630 firmissime
817 1560 1004 1631 credendos
1019 1582 1114 1648 csse3

69 1679 201 1747 oleato
215 1702 284 1748 non
303 1680 402 1748 modo
430 1702 498 1752 non
525 1680 729 1767 catholicus,
782 1680 825 1750 ed
844 1702 887 1750 ne
914 1680 1116 1750 christianus

69 1795 175 1863 iidem
195 1796 293 1868 homo
309 1792 550 1869 existimandus
572 1806 676 1869 esset
720 1790 930 1895 &oneretur
943 1802 1030 1868 enin
1050 1825 1116 1889 pn-

69 1934 128 1980 rm
157 1922 296 2005 putum
328 1916 689 2003 Rationalismum‚
723 1916 858 1985 tolleret
887 1920 957 1986 vim
988 1938 1117 1987 ornnem
1230 1991 1233 1996 ,

69 2034 220 2102 critatum
241 2036 538 2125 supernaturalium
565 2042 712 2127 itemquo
737 2028 819 2105 fidei
844 2036 1117 2105 interimamus

69 2144 264 2240 lhihendae,
286 2155 479 2224 abuteretur
499 2154 643 2224 vocibus
664 2142 810 2240 usitatis,
828 2166 973 2244 ‘quarum
993 2154 1118 2244 signifi-

69 2271 134 2336 atio
160 2277 325 2341 neminem
352 2275 406 2343 vel
432 2274 612 2343 mediocris
639 2248 765 2363 'ingenii
788 2260 897 2342 latere
918 2276 1054 2361 potest,
1083 2273 1119 2342 id

69 2398 172 2476 reret,
194 2392 403 2461 fraudulente
425 2400 461 2463 et
480 2393 602 2463 callide
622 2388 770 2463 astinem
787 2381 965 2462 'doctrirme
987 2392 1119 2461 christi-

69 2498 128 2573 'luc
154 2533 285 2595 nomen,
314 2518 352 2580 ut
374 2532 425 2598 ea,
455 2535 542 2603 quae
567 2515 676 2583 Jesus
705 2500 859 2581 Christus
886 2512 1059 2598 revelarit,
1085 2516 1121 2601 in

69 2638 168 2694 'eram
194 2629 441 2719 Philosophiam
469 2632 690 2702 converteret.
739 2626 854 2723 Attilae
886 2610 1120 2718 haecomnia,

69 2732 170 2838 dibus
193 2752 324 2817 ormino
347 2740 508 2819 evertitur
526 2750 613 2820 fides
636 2750 758 2838 divina,
784 2748 820 2819 id
841 2754 897 2819 est
916 2746 1001 2819 fides
1022 2760 1122 2840 prop·

69 2874 102 2952 ‘'1‘-
124 2870 361 2937 auctoritatem
389 2864 533 2939 divinam
560 2877 738 2959 suscepta,
774 2884 895 2961 reapse
922 2872 959 2937 ia
983 2869 1122 2938 Herme-

69 2990 134 3050 um
156 2988 297 3074 eiusque
319 2984 503 3076 discipulos
524 2988 646 3063 cadere
664 2973 814 3057 'ln‘dhnolli
831 2968 986 3055 homines
1008 2985 1122 3073 explo-

72 3112 145 3175 ὅδε
167 3105 234 3172 sihi
253 3104 425 3192 videntur,
445 3086 592 3197 inprimls
613 3104 675 3191 illi,
709 3102 767 3194 dui
784 3109 822 3172 in
842 3102 1123 3194 Ephemeridibus

69 3209 425 3313 211alnahurgensinus
451 3226 536 3295 locis
558 3248 660 3314 supra
681 3226 771 3315 (pag.
794 3229 848 3321 66
870 3232 905 3290 et
926 3225 993 3311 sl)
1014 3221 1123 3289 allatis

69 3346 106 3399 ’Π
137 3349 293 3411 verentur
317 3336 624 3432 parietariam,
655 3345 831 3434 oppressis
857 3326 969 3410 tamen
987 3342 1124 3407 nomini-
1188 3416 1196 3429 ‚

69 3466 107 3516 ¹8
140 3464 222 3547 suis,
244 3460 455 3530 Hermestam
476 3451 650 3548 accusare,
673 3460 765 3553 quod
800 3460 928 3548 „fidem
951 3462 1126 3527 convertat
1204 3493 1209 3504 ·

86 3575 319 3649 theorema
340 3574 719 3669 philosophicum‚“
747 3583 837 3671 quod
865 3578 986 3666 „fidem
1009 3598 1051 3644 ex
1073 3597 1125 3643 ar-

69 3703 221 3767 mantis
244 3702 437 3784 internis,
469 3701 505 3767 id
534 3707 590 3769 est
616 3722 638 3768 a
665 3700 758 3769 sola
786 3702 946 3795 ratione
975 3697 1126 3785 petitis
1239 3726 1242 3731 ·

69 3800 132 3878 ff&
157 3820 495 3906 Vernanltgrindeu),
513 3840 600 3915 curn
629 3817 816 3886 naturali
845 3815 1058 3885 evidentia
1080 3816 1127 3883 ita

69 3922 221 4007 *ducere
241 3941 405 4022 instituat,
427 3944 465 4005 ut
485 3941 592 4006 omnis
614 3958 719 4005 sanae
740 3937 861 4004 mentis
881 3930 980 4004 homo
996 3936 1040 4003 ad
1056 3955 1128 4003 cre·

69 4051 198 4124 *ndum
226 4062 367 4144 cogatur
375 4061 409 4140 ‚“
446 4058 538 4146 quod
574 4056 758 4143 „veritates
785 4036 1057 4143 supernaturales
1084 4073 1128 4118 ex

69 4171 89 4222 Β
124 4156 354 4247 soto'eruere
377 4176 563 4261 instituat,“
597 4174 688 4265 quod
711 4162 894 4264 „deficiens
917 4158 1129 4285 atr-‘ecclesia
1227 4158 1231 4165 ’
