2514 4792
174 449 272 539 tiam
291 443 389 528 Det,
410 444 483 510 sive
505 462 547 509 eo
569 440 718 524 aretur,
746 443 786 507 ut
806 442 901 509 certo
921 456 1003 527 cogn

176 564 293 633 credat
311 563 452 647 Deum,
474 558 681 649 eundemque
694 581 762 629 nou
775 558 878 627 modo
896 564 1003 647 potera

177 689 214 750 et
241 682 520 769 sapientissimum
535 677 612 756 ,sed
639 680 738 746 etiam
767 678 1003 745 sanctissimum

176 802 349 869 mennam.

241 917 281 987 ld
302 920 333 985 si
355 923 427 1001 est,
453 916 606 1005 profecto
627 912 746 983 eadem
766 916 871 1000 ratIo,
897 916 962 983 nisi
984 908 1003 981 i

175 1058 215 1105 sc
236 1038 323 1127 ipsa,
345 1040 444 1105 etiam
472 1032 738 1104 infallibilem
764 1036 1003 1103 auctoritato

140 1140 145 1151 ’
175 1154 321 1225 tribuere
344 1154 457 1239 debet,
479 1154 816 1243 quotiescunque
836 1150 937 1221 huic
956 1150 1003 1240 pl:

174 1296 242 1343 res
271 1272 455 1362 aliquas,
494 1275 589 1341 sive
630 1269 1003 1361 comprehensibile

172 1389 647 1480 incomprehensibiles,
690 1386 883 1459 revelare
920 1410 1003 1479 gen«

171 1522 294 1577 mano.
351 1566 356 1575 ,
801 1524 804 1529 ·

128 1646 131 1653 ·
239 1630 345 1715 Atqui
377 1627 674 1696 revelationem
707 1626 893 1695 divinam
921 1626 1003 1697 molt

175 1744 316 1813 naturali
352 1748 505 1814 factam
535 1766 632 1813 esse
668 1765 743 1834 per
771 1745 925 1814 Jesum
960 1742 1003 1815 ct

171 1868 330 1955 (itemque
356 1887 418 1954 per
436 1864 608 1954 Moysen),
639 1884 707 1932 non
733 1864 843 1931 minue
872 1868 1003 1935 ratiost

171 1991 264 2055 certa
291 1986 454 2074 principia
480 1983 625 2073 probare
652 2004 695 2051 ac
716 1980 823 2051 solide
851 1983 1003 2053 demonsl

168 2107 255 2188 test,
286 2125 354 2172 non
385 2104 529 2192 aptiori
552 2099 686 2189 quidem
713 2107 749 2169 et
770 2122 814 2168 ex
834 2122 876 2170 se
904 2092 1000 2191 sola,

168 2222 297 2319 potius,
328 2228 368 2290 ut
388 2220 479 2291 clarc
506 2220 724 2309 intelligatur,
756 2226 895 2311 propter
922 2228 1003 2292 mol

37 2355 40 2361 ·
166 2346 305 2424 terna,
335 2339 371 2409 ro
392 2346 449 2408 est
473 2345 611 2428 propter
636 2336 824 2407 luculentos
847 2341 1003 2410 charaeta

168 2458 319 2557 doctrina
345 2458 525 2527 christiana
555 2461 764 2544 coniunctos,
797 2465 833 2526 et
866 2480 1003 2549 super:

169 2574 246 2643 lem
278 2582 314 2643 et
342 2576 521 2645 divinam
551 2575 672 2646 huius
704 2578 926 2650 doctrinae
959 2602 1003 2650 or

145 2728 148 2733 v
168 2698 418 2763 necessario
441 2695 692 2765 credendam
714 2716 821 2765 esse.

236 2812 287 2881 lta
307 2812 356 2897 lit,
384 2819 423 2881 ot
444 2796 564 2882 eadem
588 2815 685 2899 ratio,
712 2816 778 2881 nisi
806 2813 984 2883 deliciata

168 2931 398 3000 doctrinam
430 2931 696 3001 christianam
727 2934 827 3000 etiam
846 2936 964 3019 iniis,
1001 2974 1003 2987 ‹

167 3049 477 3139 comprehensibilia
510 3058 606 3137 sunt,
640 3050 861 3120 infallibili
897 3059 1003 3121 aucti

166 3168 309 3237 divina
338 3168 644 3259 comprobatam
670 3170 795 3239 habere
822 3178 858 3239 et
885 3192 1003 3261 agnosr

35 3288 40 3297 '
166 3286 255 3355 beat

232 3405 326 3495 Ergo
346 3406 559 3491 Hermesius‚
579 3409 715 3474 tametsi
734 3428 802 3473 non
823 3406 952 3475 orditur
974 3410 1003 3478 a]

165 3526 263 3593 ritate
285 3524 406 3609 divina,
427 3531 466 3593 ut
487 3525 696 3593 existentiam
710 3525 778 3592 llei
790 3525 846 3595 vel
860 3527 935 3612 alia,
957 3550 1003 3618 qu

152 3641 321 3731 liminaria
342 3650 432 3728 srrnt,
453 3666 516 3731 per
538 3643 697 3711 circulum
710 3646 868 3712 vitiosum
887 3645 1003 3734 probet

165 3765 257 3827 recta
278 3762 332 3828 via
353 3762 403 3830 ad
430 3760 738 3850 agnoscendam
765 3767 806 3830 in
834 3764 1003 3836 doctrin

164 3881 303 3946 stiana
333 3878 601 3948 infallibilem
632 3885 930 3952 auctoritatem
966 3886 1003 3954 ai

163 4019 230 4086 qna
252 4005 344 4066 certo
366 4002 501 4067 inventa
520 4001 586 4067 iam
608 4001 803 4087 exiguum
829 4008 1003 4077 nostrae

162 4120 225 4184 uis
253 4114 386 4186 lumen
408 4118 548 4187 (livino
575 4116 720 4187 lumini
745 4122 1003 4192 oacrificanr¹
