2514 4792
522 298 577 365 nl

67 479 222 568 incipis
241 480 422 549 moralia.
443 520 486 535 -
526 481 711 570 Postquam
731 488 842 551 antem
863 483 907 554 dc
926 506 1085 578 superna·

65 596 115 667 ruli
134 604 169 667 ct
188 620 271 667 rere
291 598 403 667 div'inu
427 603 534 669 totius
560 600 731 669 doctrinae
761 600 961 674 christianae
987 610 1086 697 origi-

65 734 84 801 r,
103 718 246 807 ideoque
272 717 316 785 de
346 718 459 787 iacto
486 712 699 787 revelationis
728 720 857 787 divinae
883 746 946 812 per
966 726 1088 797 Jesum

65 832 181 904 hhhrm
212 842 373 924 tauquam
402 835 547 925 legatum
577 836 662 921 Dei',
699 844 826 905 certum
854 840 954 911 nohis
985 852 1087 937 atque

65 950 218 1024 ¹rruasum
237 960 304 1039 est,
325 957 470 1023 uoniam
483 955 624 1043 amplius
639 958 754 1045 quaeri
767 957 858 1043 licet,
878 968 988 1029 utrum
1001 963 1087 1033 haec

65 1073 262 1149 hdochiua
274 1075 308 1140 in
328 1073 467 1162 singuiis
488 1074 679 1162 quibusque
699 1075 877 1165 dogmatis,
899 1100 986 1167 quae
1008 1102 1088 1149 con.

65 1198 107 1279 rt,
128 1212 233 1263 vera
255 1176 291 1259 ct
312 1191 533 1261 credibilis
554 1196 610 1277 sit,
631 1213 696 1261 nec
716 1216 775 1263 ne:
802 1197 980 1266 intercedit
1002 1201 1089 1267 euim

70 1314 262 1381 ctoritas
283 1312 363 1380 Dei
384 1314 536 1400 ipsius,
558 1314 616 1400 qui
631 1312 768 1381 Summa
781 1314 882 1382 Ratio
904 1321 940 1384 et
952 1314 1089 1385 Veritas

65 1450 87 1511 5·
102 1437 142 1501 ut
158 1432 364 1500 motivum
386 1429 708 1516 credihilitatis3
730 1434 777 1499 ita
798 1432 944 1522 quidem,
966 1440 1005 1503 ut
1023 1433 1091 1504 hoc

65 1556 150 1619 'ento
178 1544 215 1619 e't
232 1550 408 1639 proposito
439 1549 596 1617 credendi
622 1553 747 1619 motivo
775 1550 841 1619 iam
874 1552 1005 1642 singula
1032 1553 1091 1622 do·

65 1675 138 1754 ata,
159 1670 293 1737 etiamsi
306 1669 467 1733 rationem
482 1675 630 1735 nostram
645 1650 846 1757 superantia,
862 1693 959 1742 nemo
969 1693 1093 1761 negare

65 1788 134 1873 rsit,
154 1787 223 1855 uisi
235 1785 380 1855 divinam
392 1787 496 1883 totius
518 1787 689 1855 doctrinae
712 1788 912 1858 christianae
933 1793 1092 1879 originem

65 1926 134 1976 nus
154 1904 270 1999 tollat,
296 1911 356 1973 aut
383 1908 493 1993 ipsum
520 1905 630 1976 Deum
652 1909 725 1974 sive
746 1908 889 1975 inscium
909 1911 983 1977 sive
1004 1909 1092 1975 frau-
1229 1904 1234 1911 ’

65 2004 190 2095 tentum
208 2024 311 2110 dicat,
333 2023 425 2112 quod
447 2029 502 2091 est
522 2021 721 2111 sacrilegum
737 2031 772 2093 et
784 2025 881 2093 ideae
894 2026 972 2108 Dei,
995 2046 1095 2114 pam

65 2146 109 2214 io
127 2146 288 2230 informat,
302 2164 403 2232 quam
415 2143 557 2210 maxime
580 2144 787 2209 contrarium.
830 2141 975 2233 Imperat
995 2145 1095 2231 igitur

65 2263 123 2348 tio,
148 2268 189 2331 ut
208 2262 301 2330 ctiam
322 2261 463 2350 singolis
490 2260 679 2349 quibusque
703 2261 869 2349 dogmatis
890 2283 953 2349 per
972 2260 1094 2329 Jesum

65 2384 191 2459 rrishrm
204 2380 397 2469 utlegatum
418 2380 485 2448 Dei
504 2376 681 2446 nobiscum
703 2380 955 2449 communicatis
975 2369 1093 2447 firmis·

65 2520 137 2569 nam
155 2498 255 2567 tidem
276 2501 547 2568 constantissime
567 2500 801 2589 adiungamus,
830 2502 866 2568 in
889 2498 1013 2591 quihus
1034 2497 1094 2566 do-

65 2621 140 2687 ratis
159 2617 227 2685 hoc
250 2622 322 2685 est:
354 2619 476 2686 Jesum
498 2615 666 2687 Christum
687 2640 766 2687 esse
786 2617 888 2687 filium
907 2618 993 2703 Dei,
1015 2636 1095 2686 esse

65 2734 281 2827 edemptorcm
291 2756 333 2803 ac
344 2733 555 2804 Salvatorem
569 2741 702 2824 generis
712 2736 856 2821 humani,
868 2743 903 2805 et
915 2735 979 2804 alia
992 2734 1095 2805 multa

65 2858 152 2923 neris
160 2854 320 2924 eiusdem.
350 2855 549 2940 Mojtivum
563 2854 685 2922 huius
699 2855 777 2924 fidei
787 2861 842 2924 est
855 2856 1096 2923 auctoritas

65 2974 173 3041 rina.
201 2974 279 3041 Hoc
288 2972 413 3062 uhique
424 2974 619 3041 Hermesius
635 2972 937 3069 decet,uihilaliud
948 2993 1096 3071 unquam

65 3104 99 3153 Ν
111 3114 235 3161 summo
252 3093 288 3157 in
307 3098 452 3160 mentem
472 3092 575 3177 venit,
596 3091 763 3181 facileque
784 3094 1014 3174 accusatores,
1036 3088 1096 3177 qui

65 3212 222 3279 'etruriam
236 3213 268 3278 ei
290 3212 489 3278 senteutiam
508 3210 694 3279 tribuerunt
706 3249 750 3262 -
762 3230 806 3277 ne
828 3208 937 3276 dicam
957 3205 1095 3275 affinxe-

65 3331 108 3393 mt
123 3366 165 3380 -
187 3350 332 3397 errorem
352 3349 451 3395 suum
470 3351 515 3396 ex
536 3329 702 3397 Hermesii
721 3327 815 3395 lihris
836 3327 1027 3394 accuratius
1047 3326 1095 3392 in-

65 3449 153 3521 neos
168 3468 375 3534 cognoscere
388 3449 588 3534 potuissent
618 3445 691 3514 Sed
698 3448 802 3534 prius,
817 3465 918 3533 quam
928 3443 971 3511 de
981 3442 1046 3510 hac
1059 3462 1096 3508 re

65 3554 214 3652 {ligentiac
228 3554 433 3650 disseratur,
446 3570 482 3632 et
503 3564 663 3653 quidquid
685 3565 899 3635 dubitationis
915 3566 973 3628 aut
986 3561 1097 3647 suspi-

65 3684 131 3751 onis
153 3687 311 3769 resideat,
333 3685 554 3771 apertissimis
576 3685 775 3752 testimoniis
796 3685 831 3749 in
850 3678 996 3747 medium
1016 3678 1096 3745 affe-

65 3802 136 3872 ndis
156 3803 309 3892 pellatur,
330 3824 397 3874 uon
418 3800 560 3869 alienum
573 3804 636 3869 erit
648 3802 714 3869 hoc
728 3799 803 3866 loco
819 3798 997 3867 defendere
1011 3796 1097 3865 Her-

65 3924 166 3995 csium
186 3910 351 3989 adversus
373 3919 469 3987 aliam
490 3919 790 4010 reprehensionem,
817 3919 852 3986 in
873 3924 974 4006 qdam
995 3934 1119 3989 acen,
1232 3953 1234 3957 -

65 4052 174 4117 torum
195 4039 294 4130 culpa
314 4039 460 4106 incurrit
556 4038 557 4042 ’

413 4218 709 4231 *Μ
