2514 4792
600 214 655 279 ns

90 405 221 475 omnino
249 398 330 467 illud
356 396 493 479 dicitur,
526 396 636 485 quod
632 398 730 464 ratlo
756 396 892 465 moralis
920 397 1001 465 sive
1022 400 1148 487 praetio
1189 392 1201 461 l

89 526 232 615 imporat
258 517 382 586 liberae
409 513 579 583 voluntati
629 515 688 583 Ex
715 536 783 603 quo
811 514 867 601 lit,
898 522 940 583 ut
971 518 1150 587 assensi·
1192 504 1201 555 ¹

90 664 155 713 seu
185 639 301 708 fide-s
331 634 542 704 moraliter
569 635 839 718 necessaria,
872 634 973 703 side
1003 634 1126 703 sola
1100 630 1201 705 eru'

88 759 332 851 significatione
353 755 533 845 quaeritur,
554 752 675 839 partim
696 772 741 819 ex
754 754 893 819 rationis
911 756 1121 841 practicae
1111 774 1151 821 m
1196 750 1201 815 l

89 881 202 969 perio,
232 878 353 964 partim
380 894 425 940 ex
450 872 557 939 libera
586 868 759 939 voluntate
783 870 944 969 pendeat.
995 868 1153 957 (inntens
1194 872 1201 916 ¹

88 997 216 1089 pendet
236 1016 280 1063 ex
300 993 406 1061 libera
424 988 608 1073 voluntate,
627 994 746 1079 potest
766 1010 846 1058 esse
866 992 1062 1078 meritorin3
1092 1012 1152 1081 qur
1195 990 1202 1033 ¹

89 1123 190 1195 tenus
210 1119 323 1183 autem
341 1108 528 1179 secundum
548 1110 686 1177 rationis
705 1112 877 1196 practicae
898 1106 1080 1199 'unperiinn
1098 1132 1153 1179 sm
1199 1114 1202 1152 ³

88 1237 229 1325 cipitur,
259 1231 392 1299 minime
413 1234 541 1295 temera
562 1232 621 1295 aut
647 1247 753 1296 caeca
771 1235 842 1319 est,
868 1229 1028 1315 (tametsi
1048 1232 1156 1301 tontes
1200 1228 1202 1271 ¹

88 1376 159 1425 non
187 1350 292 1421 habet
322 1347 455 1437 plenam
485 1352 521 1416 et
547 1346 734 1435 perfectam
764 1349 1079 1437 perspicientiam)
1108 1348 1157 1419 sei

54 1546 57 1559 ¹
90 1469 196 1549 adeo
218 1472 508 1537 consentanea
529 1466 988 1555 rationi-utuepossit
1009 1468 1158 1559 quiden

90 1587 310 1681 repudiari
340 1585 427 1653 nisi
457 1582 509 1649 ab
539 1605 604 1671 eo,
635 1585 707 1675 qui
733 1584 932 1653 delicere
961 1606 988 1653 a
1011 1589 1156 1655 ratione

90 1711 177 1801 ipsi
197 1709 455 1805 ingenerata
476 1694 656 1791 eiusque
685 1704 900 1790 imperium
922 1702 1156 1789 detrectare

73 1829 253 1904 audeat
295 1826 410 1911 Atque
431 1821 518 1889 haec
545 1821 680 1909 quidem
707 1822 751 1889 de
778 1820 1034 1909 significatione
1055 1844 1151 1893 men·

88 1950 194 2019 sionis
217 1966 280 2013 seu
299 1942 379 2010 tidei
405 1939 574 2009 moraliter
594 1941 820 2025 necessariae,
846 1961 892 2009 ex
912 1962 989 2029 qua
1012 1940 1146 2035 protensi

90 2068 235 2137 diximus
267 2060 500 2131 certitudinem
533 2058 700 2127 moralem.
750 2056 961 2141 Quaeramus
998 2084 1097 2147 nnnc,
1118 2079 1155 2127 on

87 2185 167 2255 talis
193 2183 366 2265 assensio,
403 2178 536 2267 qualem
561 2178 710 2247 breviter
729 2176 997 2265 descripsimus,
1038 2201 1162 2271 rmrpnn

88 2325 156 2373 usu
175 2303 309 2385 veniat,
329 2300 522 2367 nominatim
546 2318 647 2381 vcro,
669 2319 713 2365 an
732 2317 798 2363 usu
819 2299 953 2383 veniet,
983 2298 1051 2369 ulsl
1068 2302 1162 2391 ,agitur

89 2422 134 2490 de
155 2439 261 2489 causa
280 2418 505 2505 prodigiorum
524 2415 656 2482 illorum
676 2414 852 2485 efficiente.

1 2515 3 2520 Ι
174 2537 232 2609 Ad
251 2536 338 2604 hanc
360 2536 593 2622 quaestionem
613 2535 843 2620 grar⁷issimam
868 2533 1167 2607 diiudicandaml·

90 2657 149 2727 lud
169 2655 349 2725 videndum
370 2658 437 2739 est,
458 2673 502 2719 an
521 2672 667 2738 unquam
678 2653 834 2736 accidat,
856 2658 895 2721 ut
914 2656 1002 2723 ratio
1026 2660 1169 2747 practico

90 2775 297 2843 voluntatem
318 2772 445 2859 obliget
464 2773 647 2867 propositis
668 2792 795 2841 morum
822 2776 1040 2861 praeceptis,
1071 2781 1169 2867 iisqm

19 2972 22 2978 ³
91 2894 224 2963 omuino
253 2893 355 2959 certis
382 2896 418 2958 et
437 2888 649 2976 indubitatis,
686 2913 797 2979 quac
823 2890 993 2980 impleri
1021 2916 1172 2987 neque

89 3018 183 3097 ant,
212 3012 298 3079 nisi
323 3014 405 3095 ita,
434 3016 480 3079 ut
508 3008 696 3099 aliquid,
724 3010 838 3100 quod
864 3009 1120 3085 theoretice
1138 2980 1168 3083 a'i

91 3153 171 3200 non
192 3137 374 3214 certum,
396 3135 439 3196 at
461 3128 715 3198 certitudini
735 3131 970 3217 proximum
992 3140 1088 3221 est,
1109 3137 1166 3204 tir·

90 3270 154 3316 ma
174 3250 430 3316 assensione
451 3253 584 3318 ratum
611 3247 858 3333 habeamus,
878 3246 1049 3338 pellentes
1072 3262 1110 3323 ct
1128 3257 1168 3323 ni·

55 3436 59 3441 ,
90 3366 150 3435 lrili
176 3370 392 3441 aestimantes
421 3365 715 3452 dubitatiunculas,
744 3386 832 3455 quas
861 3368 1050 3439 theoretica
1081 3378 1168 3457 ratio,

35 3482 43 3493 '
91 3488 216 3574 quippe
244 3487 516 3575 perspicientiam
545 3490 585 3555 ut
612 3488 763 3553 unicam
759 3485 940 3556 iudicandi
965 3495 1004 3557 et
1029 3494 1168 3562 assend-

92 3604 170 3671 endi
200 3624 347 3669 normam
379 3624 547 3693 sequens,
583 3606 717 3691 penitus
748 3603 928 3672 excludere
954 3628 1025 3677 non
1049 3619 1171 3701 potest

91 3720 261 3811 Equidem
282 3722 375 3788 istud
401 3743 469 3789 non
495 3743 582 3807 raro,
611 3722 675 3790 sed
697 3725 897 3810 saepissime
918 3726 1080 3798 accidere
1102 3754 1172 3801 sen·

91 3843 171 3924 tiet,
207 3841 266 3928 qui
294 3840 393 3927 paulo
421 3840 612 3928 diligentius
639 3843 923 3930 circumspexerit
968 3844 1093 3918 Placet
1114 3872 1173 3919 uno

93 3958 242 4027 alterove
265 3959 417 4047 exemplo
432 3962 489 4027 uti.
518 3958 620 4027 Haud
634 3949 745 4026 dubie
755 3961 896 4049 imperat
909 3964 995 4031 ratio
1010 3974 1175 4055 practica,

94 4084 132 4144 nt
161 4082 310 4144 mortuos
342 4060 492 4146 lro'miocs
525 4076 727 4167 sepeliamus
764 4085 823 4149 aut
852 4079 1112 4175 comburamus,
1147 4096 1178 4161 ct
