2514 4792
599 212 653 279 79

89 397 180 467 dam
211 396 477 465 instinctum
519 397 667 484 Neque
696 390 1000 463 Deus-homini
1026 396 1100 473 rullo¹
1130 417 1152 461 s

88 536 179 584 nem
200 521 243 583 et
263 512 589 602 intelligentiam
619 512 739 583 dedit
767 512 821 581 ad
848 506 1106 611 impertienlq'
1134 513 1152 581 l

89 633 175 720 ipsi
194 640 275 700 tam
295 633 448 720 grande
469 654 635 717 munus,
663 650 740 699 non
760 629 879 699 modo
900 626 1102 727 sanemus}
1138 652 1152 717 r

91 752 221 817 etiam
251 752 418 819 noxium
448 753 646 834 futurum,
678 752 719 817 si
745 770 815 817 res
835 748 886 817 ad
916 746 1103 817 credemur
1143 770 1152 813 r

91 870 261 935 nonnisi
288 888 362 936 eas
391 856 667 958 proponeret,
698 866 908 935 adversus
936 886 1034 955 quas
1055 884 1104 933 coe
1135 884 1144 897 ·

91 986 208 1053 tinne
236 986 475 1057 rebellione
508 985 774 1075 implicatum
805 987 921 1054 foret
952 984 1105 1073 proprius
1135 1002 1152 1047 s

92 1105 384 1191 cognoscendi
404 1108 729 1173 instrumentum
772 1104 889 1173 Haec
911 1104 1042 1189 ntique
1058 1099 1107 1167 tce
1141 1117 1152 1161 r

92 1220 257 1290 reditas
273 1229 340 1292 est
358 1230 569 1292 sectarum
588 1227 774 1307 istarum,
796 1243 907 1310 quae
928 1210 1112 1288 fundanii
1143 1230 1152 1275 t

90 1345 173 1407 tum
202 1363 282 1408 non
310 1341 466 1408 habent
486 1344 573 1411 nisi
592 1345 632 1410 in
662 1343 909 1409 commentis
931 1336 1117 1427 pervicaci

92 1455 171 1525 bus
193 1464 236 1526 et
257 1462 503 1541 temerariis
522 1460 855 1547 visionihueque
885 1455 1121 1525 hominumls

65 1577 347 1669 ,naticorum‚
383 1599 574 1666 quaeque
609 1598 698 1645 nee⁴
722 1574 910 1644 stabiles
948 1576 1050 1645 fiunt
1076 1592 1127 1647 occ

94 1689 342 1762 subsistunt
365 1698 449 1777 nisi
474 1719 549 1785 per
575 1717 758 1785 errorem
785 1696 973 1763 rationis
994 1692 1130 1763 similon

95 1811 186 1878 eius
208 1816 383 1900 erroris,
406 1817 475 1903 qni
495 1817 615 1904 ipsas
636 1815 901 1902 procreavitr
935 1836 1046 1903 quum
1061 1833 1129 1899 coe·

79 1933 161 2013 tra
186 1929 288 1999 talis
310 1937 378 2000 est
409 1932 579 2021 Religio
611 1932 862 2017 christiana,
893 1938 961 2018 ut,
985 1931 1132 2023 quumvis

96 2049 428 2137 impenetrabilis
449 2055 507 2120 sit
529 2050 714 2120 altitudo
741 2052 1141 2141 mysteriorumque

96 2170 310 2253 eontinet,
342 2170 391 2238 de
421 2169 486 2237 lris
507 2175 646 2239 tamen
665 2170 752 2235 nisi
771 2190 846 2256 per
866 2168 996 2239 eliam
1016 2171 1148 2239 erroris

95 2290 283 2373 speciem
313 2287 510 2356 dubitare
540 2310 619 2355 nou
647 2287 936 2375 possimus.“*)
989 2289 1041 2361 Et
1063 2286 1150 2381 paullo

95 2403 477 2494 posthaec-leguntur:
522 2403 679 2489 „Quum
712 2427 757 2472 eo
788 2406 972 2475 adducti
1004 2410 1152 2493 fuerint,

96 2526 141 2588 ut
161 2521 328 2589 videant
348 2524 610 2614 Religionem
632 2523 902 2591 christianam
929 2530 1152 2596 arctissime

96 2659 292 2706 annexam
328 2665 424 2710 esse
461 2641 584 2710 rebus
619 2641 774 2731 sactis,
811 2665 984 2730 quarum
1018 2649 1152 2715 veritat

96 2777 176 2826 non
210 2763 358 2845 potest
393 2760 498 2827 bona
533 2761 618 2831 fide
654 2762 898 2847 impugnari,
936 2773 1152 2851 oportetu

96 2874 164 2943 vel
201 2876 390 2945 omnihus
427 2900 531 2966 quae
567 2878 698 2946 tradit
736 2898 780 2944 se
808 2852 1089 2971 submitterem.
1115 2906 1152 2953 vc

98 2994 305 3089 deficiant
326 3019 347 3066 a
367 2997 635 3081 sinceritate,
657 3019 678 3063 n
700 2998 954 3085 ratione.“'·''⁵)
998 3002 1083 3073 Non
1104 3024 1152 3095 poc

137 3300 155 3365 ²)
178 3301 314 3353 Postrema
332 3303 426 3354 verlssr
447 3320 508 3363 „on
526 3305 593 3354 n'en
615 3303 755 3354 sauroit
781 3303 877 3353 deuter
894 3320 946 3372 qne
963 3320 1016 3373 pas·
1035 3327 1091 3362 une
1109 3316 1152 3363 sut

182 3390 276 3455 cspdee
295 3389 476 3456 d'egurement
493 3390 537 3454 (do
554 3389 581 3441 la
599 3389 736 3456 raison),“
766 3406 875 3439 rursum
896 3390 964 3441 sutis
987 3391 1152 3449 iudicanti

182 3474 291 3533 minem,
310 3475 358 3543 qui
379 3479 479 3525 rectum
503 3474 617 3525 tutionis
641 3477 711 3525 viam
732 3479 859 3542 sequatur
883 3493 1045 3545 erroresque
1064 3482 1094 3544 in
1111 3488 1152 3533 uir

184 3577 236 3627 que
257 3568 333 3629 parte
351 3563 417 3612 sitos
436 3560 580 3631 diligenter·
598 3561 695 3634 evitet,
719 3578 750 3611 eo
771 3560 920 3629 pervenire,
945 3566 978 3613 nt
994 3563 1152 3637 intellig:

183 3640 428 3697 necessitatem
442 3645 582 3705 credendi,
605 3645 685 3695 etiam
701 3646 827 3713 mysteria
844 3645 984 3716 religionis
1001 3647 1152 3704 christiana

134 3745 161 3809 “)
179 3744 266 3797 Etiam
284 3746 414 3799 hocloco
432 3747 569 3814 significet
590 3747 715 3797 credendi
738 3748 990 3809 necessitatem,
1016 3757 1048 3803 et
1067 3756 1152 3824 aperti

184 3829 252 3882 sime
267 3834 386 3903 quidem,
410 3849 496 3899 neque
515 3833 666 3900 simplicem
682 3839 799 3890 mutum,
824 3834 872 3882 sed
889 3834 1038 3902 duplicem,
1067 3857 1152 3911 quero

185 3917 270 3967 ultera
287 3917 422 3986 pertineat
439 3919 474 3967 ud
491 3917 599 3975 factu,
619 3935 686 3986 quae
703 3918 732 3968 in
743 3917 949 3968 demonstrande
960 3921 1101 3990 religione
1113 3926 1152 3979 chr

188 4002 273 4053 stione
299 4018 348 4070 pro
373 4002 547 4053 fundamento
571 4002 644 4061 sint,
669 4003 754 4053 alteru
782 4003 818 4054 sd
842 4003 914 4072 ipsa
936 4005 1099 4073 dogmat·
1122 4015 1152 4065 η

186 4087 275 4159 pionis
302 4087 473 4143 christianae.
510 4086 675 4155 [intelligitur
699 4094 788 4141 sutem
810 4089 996 4144 necessitas
1021 4096 1150 4151 meruli
