2514 4792
47 404 50 409 ,
88 332 322 409 coniunctione
339 327 593 414 inperpetuum
614 318 808 409 capiendae.
851 318 976 385 Nonne
998 316 1153 403 agiona
1197 320 1209 391 l

88 455 222 521 memet
241 450 337 536 ipsos
364 445 518 511 norimus
539 443 693 529 rectique
713 456 852 507 sensum
872 434 1056 517 babemus,
1076 455 1098 500 a
1113 455 1155 521 pe
1201 449 1209 512 ἰ

91 568 207 635 culiari
232 562 377 653 quadam
403 568 439 628 et
466 557 711 649 supernaturali
736 554 944 624 revelatione
971 551 1088 621 divina
1111 551 1158 617 loa
1208 588 1209 597 ι

91 690 202 774 mann
228 703 356 751 sommo
383 682 455 747 iure
484 677 756 766 expectabimus,
791 676 913 762 partim
940 678 982 740 ut
1007 669 1161 739 multari

92 803 284 891 religionem
308 819 487 886 moresque
514 798 723 887 spectantia,
760 812 847 881 quae
875 793 980 859 etiam
1005 788 1055 857 ad
1075 788 1162 857 ioum

95 922 232 995 rationis
252 922 387 985 nostrae
409 917 589 1004 pertinent,
619 915 773 998 illustret,
801 913 1002 993 constituat,
1036 909 1163 975 auctori·

96 1045 170 1108 tate
197 1034 357 1103 infallibili
386 1035 558 1101 confirmet
587 1032 773 1120 liberetque
801 1051 823 1095 a
850 1027 1165 1097 dubitationibusd
1206 1068 1209 1073 <

96 1154 337 1225 fluctuantibus
357 1152 424 1218 huc
446 1152 523 1219 illuc
545 1150 766 1240 opinionibus,
787 1151 822 1216 in
837 1169 924 1236 quas
945 1148 1103 1236 plerique
1122 1147 1166 1213 bo

96 1279 221 1359 mines,
251 1292 318 1339 non
340 1270 447 1337 solum
476 1270 601 1338 indocti
628 1269 691 1337 sed
718 1271 818 1335 etiam
839 1267 950 1351 docti,
986 1267 1169 1367 praesertin

99 1390 256 1461 excitatis
284 1389 382 1454 animi
408 1387 586 1455 affectibus
613 1387 944 1475 cupiditatibusque,
974 1408 1084 1477 saepe
1103 1387 1170 1453 inei-

54 1495 57 1500 ’
100 1510 180 1577 dere
203 1506 330 1587 solent,
362 1507 481 1591 partim
501 1527 581 1572 vero
604 1512 642 1573 ut
670 1505 734 1571 alia
760 1503 939 1571 nobiscum
968 1508 1169 1589 commmuni-

102 1635 177 1729 cet,
213 1624 486 1691 coriiunctissima
513 1624 646 1711 quidem
672 1623 726 1690 illa
748 1644 824 1690 cum
845 1621 1013 1709 religione
1037 1632 1075 1693 et
1091 1625 1170 1693 moli·

105 1745 186 1828 bus,
210 1742 273 1809 sed
295 1740 410 1808 altiora
430 1747 559 1827 tamen,
581 1763 681 1830 quam
701 1748 738 1808 ut
759 1740 865 1809 solius
886 1745 1038 1813 rationis
1059 1767 1115 1833 opc
1129 1746 1170 1811 ia·

102 1863 378 1948 veniri'queant,
400 1858 443 1924 ad
465 1859 692 1927 liberationem
714 1882 733 1927 e
754 1863 888 1948 peccati
923 1866 1102 1947 servitute,
1128 1860 1165 1927 ad

103 2002 198 2069 spem
218 1977 343 2047 firmam
364 1986 519 2045 aeternae
541 1977 661 2045 salutis
684 1954 957 2065 recuperandam,
980 1983 1033 2048 ad
1047 1977 1163 2071 peculu-

103 2101 151 2165 n‘a
172 2097 342 2180 subsidia,
375 2096 499 2184 quibus
527 2103 719 2164 sustentare
745 2096 906 2187 infirmum
931 2119 1053 2189 genus
1078 2100 1172 2167 huua-

103 2240 183 2283 num
208 2215 284 2281 Deo
312 2213 492 2302 placuerit,
519 2235 587 2280 uno
618 2215 737 2282 verbo:
775 2218 818 2285 ad
839 2217 995 2285 altiorem
1023 2190 1179 2308 quandam

104 2334 332 2401 oeconomiam
347 2333 491 2400 divinam
504 2337 704 2420 spectantia,
719 2357 858 2423 eamque
873 2334 917 2400 ab
930 2357 1079 2405 causam
1093 2338 1182 2411 omni·
1196 2380 1202 2395 ·

105 2451 171 2518 bus
199 2449 398 2534 bominibus,
434 2453 534 2518 etiam
555 2456 693 2520 summis
714 2453 933 2541 philosophis,
972 2459 1189 2545 cognitarut'r

106 2569 236 2636 lissima
258 2573 294 2633 et
313 2570 455 2635 maxime
475 2567 691 2637 necessaria?
727 2573 894 2638 Ponamus
920 2574 1024 2659 igitur
1046 2575 1184 2663 promul·

62 2755 64 2759 ,
107 2687 179 2774 gari
207 2684 390 2752 doctrinam
417 2685 560 2774 aliquam
587 2696 625 2756 ut
653 2691 769 2756 divinit
755 2696 809 2755 tus
838 2690 939 2757 tradit
925 2697 1013 2778 tam,
1049 2717 1185 2787 amque

107 2806 165 2871 ita
187 2809 464 2890 comparatam
483 2813 632 2874 natura
654 2830 739 2892 sua,
760 2815 805 2875 ut
826 2811 865 2875 in
886 2812 1083 2881 omnibus
1106 2837 1184 2882 eum

108 2927 271 2991 ratione
297 2929 442 2989 nostra
470 2898 619 2993 etcum
646 2928 881 3027 iqdigentia
907 2931 1041 2996 totius
1071 2955 1185 3019 gene·

108 3044 165 3108 ris
187 3041 350 3108 humani
371 3043 598 3130 insigniter
620 3048 852 3133 conspiret,
875 3053 919 3113 ut
940 3055 1104 3119 mentes
1126 3052 1183 3121 ho·

107 3163 253 3231 minum
279 3159 533 3236 obscuratas
562 3166 743 3231 mirifice
776 3165 985 3250 illustret,
1019 3190 1184 3256 percus·

110 3298 181 3344 sos
208 3279 368 3344 animos
394 3300 499 3345 nova
525 3278 620 3348 luce
649 3304 828 3350 accensa
856 3287 1008 3371 erigat,
1047 3290 1184 3357 volun·

109 3399 240 3460 tatem
260 3393 309 3459 ad
330 3393 506 3463 honesta
528 3421 720 3487 quaeque
743 3403 982 3489 expetenda
1004 3412 1048 3472 et
1069 3411 1186 3495 perfi-

111 3511 257 3579 cienda
276 3514 550 3599 maximopere
572 3518 769 3605 impellat,
791 3528 836 3588 ut
857 3521 1048 3590 altiorem
1070 3548 1188 3615 quan

57 3650 63 3665 ·
111 3629 199 3744 dam
240 3636 522 3699 oeconomiam
549 3636 745 3703 divinam
785 3641 1040 3726 patefaciat,
1087 3668 1191 3735 quae

111 3747 291 3832 quidem,
328 3749 412 3815 etsi
443 3759 586 3843 arctos
620 3759 800 3823 rationis
831 3766 1001 3827 nostrae
1034 3760 1193 3835 limites

111 3852 333 3947 excedens,
368 3872 502 3936 tamen
536 3872 819 3941 admirabilem
839 3878 879 3942 in
900 3880 1058 3946 modum
1097 3906 1195 3954 sese

112 3983 371 4049 commendat
407 3992 536 4075 atque
566 3988 738 4076 plaeere
772 3992 926 4077 debet:x
949 3996 1029 4084 quid
1060 4002 1107 4070 dc
1136 4007 1195 4073 tali
