<?xml version="1.0" encoding="UTF-8"?>
<!DOCTYPE html PUBLIC "-//W3C//DTD XHTML 1.0 Transitional//EN"
    "http://www.w3.org/TR/xhtml1/DTD/xhtml1-transitional.dtd">
<html xmlns="http://www.w3.org/1999/xhtml" xml:lang="en" lang="en">
 <head>
  <title>
</title>
<meta http-equiv="Content-Type" content="text/html;charset=utf-8" />
  <meta name='ocr-system' content='tesseract 3.04.00' />
  <meta name='ocr-capabilities' content='ocr_page ocr_carea ocr_par ocr_line ocrx_word'/>
</head>
<body>
  <div class='ocr_page' id='page_1' title='image "actahermesianaq00elvegoog_0040.png"; bbox 0 0 2514 4792; ppageno 0'>
   <div class='ocr_carea' id='block_1_1' title="bbox 476 190 618 311">
    <p class='ocr_par' dir='ltr' id='par_1_1' title="bbox 476 190 618 311">
     <span class='ocr_line' id='line_1_1' title="bbox 476 190 618 311; baseline 0 0"><span class='ocrx_word' id='word_1_1' title='bbox 476 190 618 311; x_wconf 56' lang='grc' dir='ltr'><strong>ἰτ</strong></span> 
     </span>
    </p>
   </div>
   <div class='ocr_carea' id='block_1_2' title="bbox 37 420 1125 1816">
    <p class='ocr_par' dir='ltr' id='par_1_2' title="bbox 37 420 1125 1816">
     <span class='ocr_line' id='line_1_2' title="bbox 47 420 1124 523; baseline 0.012 -32"><span class='ocrx_word' id='word_1_2' title='bbox 47 420 153 495; x_wconf 78' lang='lat' dir='ltr'><strong>idem</strong></span> <span class='ocrx_word' id='word_1_3' title='bbox 173 422 383 513; x_wconf 68' lang='lat' dir='ltr'><strong>catholicam,</strong></span> <span class='ocrx_word' id='word_1_4' title='bbox 402 430 516 495; x_wconf 85' lang='lat' dir='ltr'><strong>tamen</strong></span> <span class='ocrx_word' id='word_1_5' title='bbox 534 446 579 497; x_wconf 88' lang='lat' dir='ltr'><strong>ne</strong></span> <span class='ocrx_word' id='word_1_6' title='bbox 598 426 768 496; x_wconf 86' lang='lat' dir='ltr'><strong>levissima</strong></span> <span class='ocrx_word' id='word_1_7' title='bbox 787 427 922 517; x_wconf 88' lang='lat' dir='ltr'><strong>quidem</strong></span> <span class='ocrx_word' id='word_1_8' title='bbox 941 428 1029 501; x_wconf 85' lang='lat' dir='ltr'><strong>illius</strong></span> <span class='ocrx_word' id='word_1_9' title='bbox 1047 450 1124 523; x_wconf 83' lang='lat' dir='ltr'><strong>per·</strong></span> 
     </span>
     <span class='ocr_line' id='line_1_3' title="bbox 49 544 1123 633; baseline 0.011 -22"><span class='ocrx_word' id='word_1_10' title='bbox 49 545 226 613; x_wconf 76' lang='lat' dir='ltr'><strong>versitatis</strong></span> <span class='ocrx_word' id='word_1_11' title='bbox 245 547 391 632; x_wconf 82' lang='lat' dir='ltr'><strong>vestigia</strong></span> <span class='ocrx_word' id='word_1_12' title='bbox 412 544 719 633; x_wconf 87' lang='lat' dir='ltr'><strong>deprehenderunt,</strong></span> <span class='ocrx_word' id='word_1_13' title='bbox 750 548 848 615; x_wconf 85' lang='lat' dir='ltr'><strong>irnmo</strong></span> <span class='ocrx_word' id='word_1_14' title='bbox 869 550 968 617; x_wconf 88' lang='lat' dir='ltr'><strong>etiam</strong></span> <span class='ocrx_word' id='word_1_15' title='bbox 989 550 1123 623; x_wconf 87' lang='lat' dir='ltr'><strong>audien·</strong></span> 
     </span>
     <span class='ocr_line' id='line_1_4' title="bbox 52 662 1125 753; baseline 0.009 -24"><span class='ocrx_word' id='word_1_16' title='bbox 52 668 108 729; x_wconf 89' lang='lat' dir='ltr'><strong>tes</strong></span> <span class='ocrx_word' id='word_1_17' title='bbox 133 662 344 729; x_wconf 84' lang='lat' dir='ltr'><strong>Hermesium</strong></span> <span class='ocrx_word' id='word_1_18' title='bbox 373 668 476 751; x_wconf 86' lang='lat' dir='ltr'><strong>alque</strong></span> <span class='ocrx_word' id='word_1_19' title='bbox 503 683 548 730; x_wconf 87' lang='lat' dir='ltr'><strong>ex</strong></span> <span class='ocrx_word' id='word_1_20' title='bbox 575 685 633 731; x_wconf 92' lang='lat' dir='ltr'><strong>ore</strong></span> <span class='ocrx_word' id='word_1_21' title='bbox 659 667 937 753; x_wconf 73' lang='lat' dir='ltr'><strong>praestantissimi</strong></span> <span class='ocrx_word' id='word_1_22' title='bbox 962 667 1125 739; x_wconf 82' lang='lat' dir='ltr'><strong>Doctoris</strong></span> 
     </span>
     <span class='ocr_line' id='line_1_5' title="bbox 49 779 1123 869; baseline 0.011 -24"><span class='ocrx_word' id='word_1_23' title='bbox 49 780 238 869; x_wconf 81' lang='lat' dir='ltr'><strong>pendentes</strong></span> <span class='ocrx_word' id='word_1_24' title='bbox 258 780 394 847; x_wconf 89' lang='lat' dir='ltr'><strong>mirifice</strong></span> <span class='ocrx_word' id='word_1_25' title='bbox 415 779 527 849; x_wconf 89' lang='lat' dir='ltr'><strong>infide</strong></span> <span class='ocrx_word' id='word_1_26' title='bbox 540 781 705 849; x_wconf 84' lang='lat' dir='ltr'><strong>catholica</strong></span> <span class='ocrx_word' id='word_1_27' title='bbox 722 782 904 851; x_wconf 79' lang='lat' dir='ltr'><strong>confirmati</strong></span> <span class='ocrx_word' id='word_1_28' title='bbox 916 783 1017 852; x_wconf 71' lang='lat' dir='ltr'><strong>sunt?</strong></span> <span class='ocrx_word' id='word_1_29' title='bbox 1037 788 1123 857; x_wconf 86' lang='lat' dir='ltr'><strong>Tes-</strong></span> 
     </span>
     <span class='ocr_line' id='line_1_6' title="bbox 47 896 1124 989; baseline 0.007 -24"><span class='ocrx_word' id='word_1_30' title='bbox 47 896 209 965; x_wconf 83' lang='lat' dir='ltr'><strong>tabantur</strong></span> <span class='ocrx_word' id='word_1_31' title='bbox 234 918 351 965; x_wconf 88' lang='lat' dir='ltr'><strong>omnes</strong></span> <span class='ocrx_word' id='word_1_32' title='bbox 375 900 538 967; x_wconf 88' lang='lat' dir='ltr'><strong>neminem</strong></span> <span class='ocrx_word' id='word_1_33' title='bbox 564 918 708 989; x_wconf 88' lang='lat' dir='ltr'><strong>unquam</strong></span> <span class='ocrx_word' id='word_1_34' title='bbox 734 901 862 969; x_wconf 84' lang='lat' dir='ltr'><strong>vixisse</strong></span> <span class='ocrx_word' id='word_1_35' title='bbox 883 902 990 969; x_wconf 89' lang='lat' dir='ltr'><strong>virum</strong></span> <span class='ocrx_word' id='word_1_36' title='bbox 1010 904 1124 973; x_wconf 87' lang='lat' dir='ltr'><strong>candi·</strong></span> 
     </span>
     <span class='ocr_line' id='line_1_7' title="bbox 37 1014 1124 1104; baseline 0.015 -27"><span class='ocrx_word' id='word_1_37' title='bbox 37 1014 176 1083; x_wconf 89' lang='lat' dir='ltr'><strong>.diorem</strong></span> <span class='ocrx_word' id='word_1_38' title='bbox 196 1019 369 1104; x_wconf 75' lang='lat' dir='ltr'><strong>magisque</strong></span> <span class='ocrx_word' id='word_1_39' title='bbox 390 1025 551 1086; x_wconf 91' lang='lat' dir='ltr'><strong>remotum</strong></span> <span class='ocrx_word' id='word_1_40' title='bbox 572 1018 615 1085; x_wconf 83' lang='lat' dir='ltr'><strong>ab</strong></span> <span class='ocrx_word' id='word_1_41' title='bbox 637 1019 725 1085; x_wconf 88' lang='lat' dir='ltr'><strong>omni</strong></span> <span class='ocrx_word' id='word_1_42' title='bbox 745 1016 893 1102; x_wconf 85' lang='lat' dir='ltr'><strong>fallacia,</strong></span> <span class='ocrx_word' id='word_1_43' title='bbox 915 1020 1124 1093; x_wconf 84' lang='lat' dir='ltr'><strong>simulatione</strong></span> 
     </span>
     <span class='ocr_line' id='line_1_8' title="bbox 47 1134 1122 1224; baseline 0.01 -25"><span class='ocrx_word' id='word_1_44' title='bbox 47 1138 84 1199; x_wconf 88' lang='lat' dir='ltr'><strong>et</strong></span> <span class='ocrx_word' id='word_1_45' title='bbox 105 1136 259 1221; x_wconf 86' lang='lat' dir='ltr'><strong>captioso</strong></span> <span class='ocrx_word' id='word_1_46' title='bbox 287 1134 478 1222; x_wconf 85' lang='lat' dir='ltr'><strong>disputandi</strong></span> <span class='ocrx_word' id='word_1_47' title='bbox 497 1152 635 1224; x_wconf 81' lang='lat' dir='ltr'><strong>genere3</strong></span> <span class='ocrx_word' id='word_1_48' title='bbox 667 1134 879 1203; x_wconf 87' lang='lat' dir='ltr'><strong>testabuntur</strong></span> <span class='ocrx_word' id='word_1_49' title='bbox 900 1157 1016 1205; x_wconf 89' lang='lat' dir='ltr'><strong>omnes</strong></span> <span class='ocrx_word' id='word_1_50' title='bbox 1035 1140 1122 1209; x_wconf 69' lang='lat' dir='ltr'><strong>Her</strong></span> 
     </span>
     <span class='ocr_line' id='line_1_9' title="bbox 44 1253 1122 1343; baseline 0.006 -24"><span class='ocrx_word' id='word_1_51' title='bbox 44 1254 201 1335; x_wconf 84' lang='lat' dir='ltr'><strong>mesiam,</strong></span> <span class='ocrx_word' id='word_1_52' title='bbox 223 1254 304 1319; x_wconf 85' lang='lat' dir='ltr'><strong>sico</strong></span> <span class='ocrx_word' id='word_1_53' title='bbox 326 1254 438 1338; x_wconf 87' lang='lat' dir='ltr'><strong>modo,</strong></span> <span class='ocrx_word' id='word_1_54' title='bbox 460 1276 527 1343; x_wconf 91' lang='lat' dir='ltr'><strong>quo</strong></span> <span class='ocrx_word' id='word_1_55' title='bbox 549 1257 658 1321; x_wconf 89' lang='lat' dir='ltr'><strong>visum</strong></span> <span class='ocrx_word' id='word_1_56' title='bbox 680 1259 734 1321; x_wconf 87' lang='lat' dir='ltr'><strong>est</strong></span> <span class='ocrx_word' id='word_1_57' title='bbox 756 1253 960 1322; x_wconf 83' lang='lat' dir='ltr'><strong>delatoribus</strong></span> <span class='ocrx_word' id='word_1_58' title='bbox 981 1254 1057 1341; x_wconf 86' lang='lat' dir='ltr'><strong>illis,</strong></span> <span class='ocrx_word' id='word_1_59' title='bbox 1079 1258 1122 1325; x_wconf 87' lang='lat' dir='ltr'><strong>de</strong></span> 
     </span>
     <span class='ocr_line' id='line_1_10' title="bbox 44 1368 1123 1457; baseline 0.009 -23"><span class='ocrx_word' id='word_1_60' title='bbox 44 1368 116 1435; x_wconf 83' lang='lat' dir='ltr'><strong>lide</strong></span> <span class='ocrx_word' id='word_1_61' title='bbox 143 1370 382 1457; x_wconf 81' lang='lat' dir='ltr'><strong>supernaturali</strong></span> <span class='ocrx_word' id='word_1_62' title='bbox 410 1375 445 1437; x_wconf 92' lang='lat' dir='ltr'><strong>et</strong></span> <span class='ocrx_word' id='word_1_63' title='bbox 471 1369 635 1437; x_wconf 83' lang='lat' dir='ltr'><strong>catholica</strong></span> <span class='ocrx_word' id='word_1_64' title='bbox 662 1374 845 1456; x_wconf 86' lang='lat' dir='ltr'><strong>sensisset,</strong></span> <span class='ocrx_word' id='word_1_65' title='bbox 880 1374 1056 1441; x_wconf 82' lang='lat' dir='ltr'><strong>confestim</strong></span> <span class='ocrx_word' id='word_1_66' title='bbox 1077 1396 1123 1444; x_wconf 88' lang='lat' dir='ltr'><strong>ex</strong></span> 
     </span>
     <span class='ocr_line' id='line_1_11' title="bbox 48 1487 1123 1575; baseline 0.007 -22"><span class='ocrx_word' id='word_1_67' title='bbox 48 1488 247 1575; x_wconf 84' lang='lat' dir='ltr'><strong>gravissimo</strong></span> <span class='ocrx_word' id='word_1_68' title='bbox 263 1508 290 1555; x_wconf 91' lang='lat' dir='ltr'><strong>s.</strong></span> <span class='ocrx_word' id='word_1_69' title='bbox 304 1488 508 1575; x_wconf 82' lang='lat' dir='ltr'><strong>Theologiae</strong></span> <span class='ocrx_word' id='word_1_70' title='bbox 524 1487 702 1555; x_wconf 87' lang='lat' dir='ltr'><strong>docendae</strong></span> <span class='ocrx_word' id='word_1_71' title='bbox 722 1510 858 1563; x_wconf 86' lang='lat' dir='ltr'><strong>munere</strong></span> <span class='ocrx_word' id='word_1_72' title='bbox 879 1512 947 1560; x_wconf 91' lang='lat' dir='ltr'><strong>non</strong></span> <span class='ocrx_word' id='word_1_73' title='bbox 968 1498 1123 1561; x_wconf 89' lang='lat' dir='ltr'><strong>coactum</strong></span> 
     </span>
     <span class='ocr_line' id='line_1_12' title="bbox 43 1600 1122 1695; baseline 0.006 -23"><span class='ocrx_word' id='word_1_74' title='bbox 43 1604 110 1673; x_wconf 90' lang='lat' dir='ltr'><strong>sed</strong></span> <span class='ocrx_word' id='word_1_75' title='bbox 131 1625 194 1673; x_wconf 90' lang='lat' dir='ltr'><strong>sna</strong></span> <span class='ocrx_word' id='word_1_76' title='bbox 224 1611 347 1695; x_wconf 88' lang='lat' dir='ltr'><strong>sponte</strong></span> <span class='ocrx_word' id='word_1_77' title='bbox 369 1612 406 1672; x_wconf 90' lang='lat' dir='ltr'><strong>et</strong></span> <span class='ocrx_word' id='word_1_78' title='bbox 425 1607 630 1673; x_wconf 88' lang='lat' dir='ltr'><strong>sanctissimi</strong></span> <span class='ocrx_word' id='word_1_79' title='bbox 656 1603 758 1672; x_wconf 90' lang='lat' dir='ltr'><strong>officii</strong></span> <span class='ocrx_word' id='word_1_80' title='bbox 784 1606 964 1676; x_wconf 88' lang='lat' dir='ltr'><strong>adductum</strong></span> <span class='ocrx_word' id='word_1_81' title='bbox 990 1600 1122 1679; x_wconf 87' lang='lat' dir='ltr'><strong>consei-</strong></span> 
     </span>
     <span class='ocr_line' id='line_1_13' title="bbox 41 1718 1121 1816; baseline 0.003 -24"><span class='ocrx_word' id='word_1_82' title='bbox 41 1726 137 1805; x_wconf 86' lang='lat' dir='ltr'><strong>entia</strong></span> <span class='ocrx_word' id='word_1_83' title='bbox 158 1723 377 1791; x_wconf 88' lang='lat' dir='ltr'><strong>decessurum</strong></span> <span class='ocrx_word' id='word_1_84' title='bbox 396 1718 513 1792; x_wconf 85' lang='lat' dir='ltr'><strong>fuisse.</strong></span> <span class='ocrx_word' id='word_1_85' title='bbox 556 1725 612 1791; x_wconf 87' lang='lat' dir='ltr'><strong>An</strong></span> <span class='ocrx_word' id='word_1_86' title='bbox 632 1724 779 1791; x_wconf 81' lang='lat' dir='ltr'><strong>fortasse</strong></span> <span class='ocrx_word' id='word_1_87' title='bbox 805 1730 920 1794; x_wconf 88' lang='lat' dir='ltr'><strong>tantus</strong></span> <span class='ocrx_word' id='word_1_88' title='bbox 941 1727 1121 1816; x_wconf 89' lang='lat' dir='ltr'><strong>discipulo·</strong></span> 
     </span>
    </p>
   </div>
   <div class='ocr_carea' id='block_1_3' title="bbox 40 1840 1250 1931">
    <p class='ocr_par' dir='ltr' id='par_1_3' title="bbox 40 1840 1250 1931">
     <span class='ocr_line' id='line_1_14' title="bbox 40 1840 1250 1931; baseline 0.006 -22"><span class='ocrx_word' id='word_1_89' title='bbox 40 1864 117 1909; x_wconf 91' lang='lat' dir='ltr'><strong>rum</strong></span> <span class='ocrx_word' id='word_1_90' title='bbox 138 1862 315 1926; x_wconf 86' lang='lat' dir='ltr'><strong>numerus,</strong></span> <span class='ocrx_word' id='word_1_91' title='bbox 342 1844 400 1931; x_wconf 96' lang='lat' dir='ltr'><strong>qui</strong></span> <span class='ocrx_word' id='word_1_92' title='bbox 419 1864 482 1929; x_wconf 88' lang='lat' dir='ltr'><strong>per</strong></span> <span class='ocrx_word' id='word_1_93' title='bbox 506 1862 659 1928; x_wconf 80' lang='lat' dir='ltr'><strong>magnam</strong></span> <span class='ocrx_word' id='word_1_94' title='bbox 681 1840 877 1910; x_wconf 87' lang='lat' dir='ltr'><strong>Germaniae</strong></span> <span class='ocrx_word' id='word_1_95' title='bbox 896 1850 1026 1929; x_wconf 89' lang='lat' dir='ltr'><strong>partem</strong></span> <span class='ocrx_word' id='word_1_96' title='bbox 1047 1848 1121 1915; x_wconf 87' lang='lat' dir='ltr'><strong>sive</strong></span> <span class='ocrx_word' id='word_1_97' title='bbox 1243 1856 1250 1869; x_wconf 89' lang='grc'><strong>’</strong></span> 
     </span>
    </p>
   </div>
   <div class='ocr_carea' id='block_1_4' title="bbox 10 1959 1194 3004">
    <p class='ocr_par' dir='ltr' id='par_1_4' title="bbox 10 1959 1194 3004">
     <span class='ocr_line' id='line_1_15' title="bbox 39 1959 1121 2049; baseline 0.004 -22"><span class='ocrx_word' id='word_1_98' title='bbox 39 1962 154 2027; x_wconf 88' lang='lat' dir='ltr'><strong>sacris</strong></span> <span class='ocrx_word' id='word_1_99' title='bbox 175 1960 331 2027; x_wconf 87' lang='lat' dir='ltr'><strong>curandis</strong></span> <span class='ocrx_word' id='word_1_100' title='bbox 351 1960 514 2049; x_wconf 86' lang='lat' dir='ltr'><strong>praesceti</strong></span> <span class='ocrx_word' id='word_1_101' title='bbox 535 1965 625 2043; x_wconf 79' lang='lat' dir='ltr'><strong>sunt,</strong></span> <span class='ocrx_word' id='word_1_102' title='bbox 647 1960 719 2026; x_wconf 89' lang='lat' dir='ltr'><strong>sive</strong></span> <span class='ocrx_word' id='word_1_103' title='bbox 740 1963 775 2025; x_wconf 90' lang='lat' dir='ltr'><strong>ia</strong></span> <span class='ocrx_word' id='word_1_104' title='bbox 796 1959 921 2026; x_wconf 86' lang='lat' dir='ltr'><strong>scholis</strong></span> <span class='ocrx_word' id='word_1_105' title='bbox 943 1967 980 2028; x_wconf 93' lang='lat' dir='ltr'><strong>et</strong></span> <span class='ocrx_word' id='word_1_106' title='bbox 999 1963 1121 2031; x_wconf 86' lang='lat' dir='ltr'><strong>acade-</strong></span> 
     </span>
     <span class='ocr_line' id='line_1_16' title="bbox 40 2070 1121 2166; baseline 0.006 -23"><span class='ocrx_word' id='word_1_107' title='bbox 40 2079 125 2143; x_wconf 89' lang='lat' dir='ltr'><strong>miis</strong></span> <span class='ocrx_word' id='word_1_108' title='bbox 144 2076 286 2147; x_wconf 89' lang='lat' dir='ltr'><strong>docendi</strong></span> <span class='ocrx_word' id='word_1_109' title='bbox 304 2077 509 2166; x_wconf 84' lang='lat' dir='ltr'><strong>provinciam</strong></span> <span class='ocrx_word' id='word_1_110' title='bbox 530 2096 729 2164; x_wconf 83' lang='lat' dir='ltr'><strong>suscepere,</strong></span> <span class='ocrx_word' id='word_1_111' title='bbox 758 2078 831 2143; x_wconf 90' lang='lat' dir='ltr'><strong>sive</strong></span> <span class='ocrx_word' id='word_1_112' title='bbox 853 2070 935 2143; x_wconf 89' lang='lat' dir='ltr'><strong>alias</strong></span> <span class='ocrx_word' id='word_1_113' title='bbox 956 2079 1046 2147; x_wconf 87' lang='lat' dir='ltr'><strong>vitae</strong></span> <span class='ocrx_word' id='word_1_114' title='bbox 1068 2097 1121 2148; x_wconf 77' lang='lat' dir='ltr'><strong>ra-</strong></span> 
     </span>
     <span class='ocr_line' id='line_1_17' title="bbox 45 2194 1122 2282; baseline 0.01 -24"><span class='ocrx_word' id='word_1_115' title='bbox 45 2196 163 2260; x_wconf 88' lang='lat' dir='ltr'><strong>tiones</strong></span> <span class='ocrx_word' id='word_1_116' title='bbox 185 2200 312 2282; x_wconf 87' lang='lat' dir='ltr'><strong>tenent,</strong></span> <span class='ocrx_word' id='word_1_117' title='bbox 348 2200 382 2263; x_wconf 90' lang='lat' dir='ltr'><strong>in</strong></span> <span class='ocrx_word' id='word_1_118' title='bbox 410 2196 550 2265; x_wconf 89' lang='lat' dir='ltr'><strong>eundem</strong></span> <span class='ocrx_word' id='word_1_119' title='bbox 580 2194 687 2280; x_wconf 82' lang='lat' dir='ltr'><strong>illum,</strong></span> <span class='ocrx_word' id='word_1_120' title='bbox 723 2198 780 2282; x_wconf 95' lang='lat' dir='ltr'><strong>qui</strong></span> <span class='ocrx_word' id='word_1_121' title='bbox 806 2195 972 2262; x_wconf 87' lang='lat' dir='ltr'><strong>Hermesii</strong></span> <span class='ocrx_word' id='word_1_122' title='bbox 999 2218 1122 2269; x_wconf 81' lang='lat' dir='ltr'><strong>esses</strong></span> 
     </span>
     <span class='ocr_line' id='line_1_18' title="bbox 10 2309 1120 2401; baseline 0.004 -22"><span class='ocrx_word' id='word_1_123' title='bbox 10 2310 248 2399; x_wconf 80' lang='lat' dir='ltr'><strong>-quihusdam</strong></span> <span class='ocrx_word' id='word_1_124' title='bbox 267 2314 397 2399; x_wconf 90' lang='lat' dir='ltr'><strong>dicitur,</strong></span> <span class='ocrx_word' id='word_1_125' title='bbox 419 2312 679 2401; x_wconf 85' lang='lat' dir='ltr'><strong>Scepticismum</strong></span> <span class='ocrx_word' id='word_1_126' title='bbox 700 2309 909 2380; x_wconf 73' lang='lat' dir='ltr'><strong>inciderunt?</strong></span> <span class='ocrx_word' id='word_1_127' title='bbox 931 2316 1068 2381; x_wconf 87' lang='lat' dir='ltr'><strong>easdem</strong></span> <span class='ocrx_word' id='word_1_128' title='bbox 1079 2314 1120 2383; x_wconf 87' lang='lat' dir='ltr'><strong>il·</strong></span> 
     </span>
     <span class='ocr_line' id='line_1_19' title="bbox 37 2428 1118 2519; baseline -0.001 -19"><span class='ocrx_word' id='word_1_129' title='bbox 37 2431 100 2500; x_wconf 84' lang='lat' dir='ltr'><strong>las</strong></span> <span class='ocrx_word' id='word_1_130' title='bbox 117 2432 290 2519; x_wconf 89' lang='lat' dir='ltr'><strong>opiniones</strong></span> <span class='ocrx_word' id='word_1_131' title='bbox 310 2454 333 2501; x_wconf 85' lang='lat' dir='ltr'><strong>a</strong></span> <span class='ocrx_word' id='word_1_132' title='bbox 352 2431 419 2499; x_wconf 85' lang='lat' dir='ltr'><strong>fide</strong></span> <span class='ocrx_word' id='word_1_133' title='bbox 446 2431 611 2499; x_wconf 86' lang='lat' dir='ltr'><strong>catholica</strong></span> <span class='ocrx_word' id='word_1_134' title='bbox 638 2431 786 2499; x_wconf 87' lang='lat' dir='ltr'><strong>absonas</strong></span> <span class='ocrx_word' id='word_1_135' title='bbox 812 2428 1033 2501; x_wconf 72' lang='lat' dir='ltr'><strong>mimorum?</strong></span> <span class='ocrx_word' id='word_1_136' title='bbox 1063 2452 1118 2499; x_wconf 83' lang='lat' dir='ltr'><strong>ea-</strong></span> 
     </span>
     <span class='ocr_line' id='line_1_20' title="bbox 38 2542 1119 2638; baseline -0.003 -19"><span class='ocrx_word' id='word_1_137' title='bbox 38 2552 121 2619; x_wconf 87' lang='lat' dir='ltr'><strong>dem</strong></span> <span class='ocrx_word' id='word_1_138' title='bbox 141 2552 177 2616; x_wconf 85' lang='lat' dir='ltr'><strong>in</strong></span> <span class='ocrx_word' id='word_1_139' title='bbox 198 2550 377 2618; x_wconf 88' lang='lat' dir='ltr'><strong>erudiendo</strong></span> <span class='ocrx_word' id='word_1_140' title='bbox 404 2549 528 2638; x_wconf 91' lang='lat' dir='ltr'><strong>populo</strong></span> <span class='ocrx_word' id='word_1_141' title='bbox 551 2556 586 2617; x_wconf 89' lang='lat' dir='ltr'><strong>ct</strong></span> <span class='ocrx_word' id='word_1_142' title='bbox 611 2552 783 2616; x_wconf 86' lang='lat' dir='ltr'><strong>iuventute</strong></span> <span class='ocrx_word' id='word_1_143' title='bbox 810 2542 942 2614; x_wconf 89' lang='lat' dir='ltr'><strong>fallacia</strong></span> <span class='ocrx_word' id='word_1_144' title='bbox 963 2555 999 2616; x_wconf 91' lang='lat' dir='ltr'><strong>et</strong></span> <span class='ocrx_word' id='word_1_145' title='bbox 1019 2551 1119 2616; x_wconf 83' lang='lat' dir='ltr'><strong>simu-</strong></span> 
     </span>
     <span class='ocr_line' id='line_1_21' title="bbox 35 2663 1194 2758; baseline -0.003 -21"><span class='ocrx_word' id='word_1_146' title='bbox 35 2670 168 2739; x_wconf 89' lang='lat' dir='ltr'><strong>latione</strong></span> <span class='ocrx_word' id='word_1_147' title='bbox 188 2667 233 2736; x_wconf 81' lang='lat' dir='ltr'><strong>ad</strong></span> <span class='ocrx_word' id='word_1_148' title='bbox 252 2667 441 2758; x_wconf 83' lang='lat' dir='ltr'><strong>exemplam</strong></span> <span class='ocrx_word' id='word_1_149' title='bbox 460 2670 616 2755; x_wconf 81' lang='lat' dir='ltr'><strong>Magistri</strong></span> <span class='ocrx_word' id='word_1_150' title='bbox 636 2663 795 2734; x_wconf 76' lang='lat' dir='ltr'><strong>utrmtur?</strong></span> <span class='ocrx_word' id='word_1_151' title='bbox 829 2664 869 2732; x_wconf 95' lang='lat' dir='ltr'><strong>ld</strong></span> <span class='ocrx_word' id='word_1_152' title='bbox 879 2668 911 2732; x_wconf 90' lang='lat' dir='ltr'><strong>si</strong></span> <span class='ocrx_word' id='word_1_153' title='bbox 933 2672 997 2750; x_wconf 87' lang='lat' dir='ltr'><strong>est,</strong></span> <span class='ocrx_word' id='word_1_154' title='bbox 1020 2665 1119 2735; x_wconf 83' lang='lat' dir='ltr'><strong>alter-</strong></span> <span class='ocrx_word' id='word_1_155' title='bbox 1191 2688 1194 2693; x_wconf 56' lang='lat'><strong>⁴</strong></span> 
     </span>
     <span class='ocr_line' id='line_1_22' title="bbox 35 2782 1120 2857; baseline -0.002 -2"><span class='ocrx_word' id='word_1_156' title='bbox 35 2795 153 2857; x_wconf 77' lang='lat' dir='ltr'><strong>utrm</strong></span> <span class='ocrx_word' id='word_1_157' title='bbox 183 2807 328 2857; x_wconf 84' lang='lat' dir='ltr'><strong>neeesse</strong></span> <span class='ocrx_word' id='word_1_158' title='bbox 362 2794 433 2857; x_wconf 86' lang='lat' dir='ltr'><strong>est:</strong></span> <span class='ocrx_word' id='word_1_159' title='bbox 476 2792 534 2853; x_wconf 92' lang='lat' dir='ltr'><strong>aut</strong></span> <span class='ocrx_word' id='word_1_160' title='bbox 569 2784 649 2852; x_wconf 89' lang='lat' dir='ltr'><strong>nihil</strong></span> <span class='ocrx_word' id='word_1_161' title='bbox 681 2785 797 2851; x_wconf 88' lang='lat' dir='ltr'><strong>vident</strong></span> <span class='ocrx_word' id='word_1_162' title='bbox 826 2782 1120 2853; x_wconf 79' lang='lat' dir='ltr'><strong>Revereudissimi</strong></span> 
     </span>
     <span class='ocr_line' id='line_1_23' title="bbox 38 2900 1118 3004; baseline -0.006 -29"><span class='ocrx_word' id='word_1_163' title='bbox 38 2907 246 2995; x_wconf 81' lang='lat' dir='ltr'><strong>Episcopi„</strong></span> <span class='ocrx_word' id='word_1_164' title='bbox 265 2928 397 3004; x_wconf 83' lang='lat' dir='ltr'><strong>suoque</strong></span> <span class='ocrx_word' id='word_1_165' title='bbox 435 2925 571 2973; x_wconf 89' lang='lat' dir='ltr'><strong>munere</strong></span> <span class='ocrx_word' id='word_1_166' title='bbox 610 2900 892 2989; x_wconf 81' lang='lat' dir='ltr'><strong>negligentissime</strong></span> <span class='ocrx_word' id='word_1_167' title='bbox 924 2902 1118 2987; x_wconf 76' lang='lat' dir='ltr'><strong>iunguntur3</strong></span> 
     </span>
    </p>
   </div>
   <div class='ocr_carea' id='block_1_5' title="bbox 38 3016 1237 3121">
    <p class='ocr_par' dir='ltr' id='par_1_5' title="bbox 38 3016 1237 3121">
     <span class='ocr_line' id='line_1_24' title="bbox 38 3016 1237 3121; baseline -0.008 -27"><span class='ocrx_word' id='word_1_168' title='bbox 38 3033 100 3094; x_wconf 90' lang='lat' dir='ltr'><strong>aut</strong></span> <span class='ocrx_word' id='word_1_169' title='bbox 123 3026 196 3121; x_wconf 87' lang='lat' dir='ltr'><strong>ipsi</strong></span> <span class='ocrx_word' id='word_1_170' title='bbox 223 3022 384 3091; x_wconf 82' lang='lat' dir='ltr'><strong>similibus</strong></span> <span class='ocrx_word' id='word_1_171' title='bbox 425 3024 615 3110; x_wconf 89' lang='lat' dir='ltr'><strong>opinionum</strong></span> <span class='ocrx_word' id='word_1_172' title='bbox 647 3017 813 3085; x_wconf 86' lang='lat' dir='ltr'><strong>erroribus</strong></span> <span class='ocrx_word' id='word_1_173' title='bbox 846 3016 1004 3103; x_wconf 89' lang='lat' dir='ltr'><strong>implicati</strong></span> <span class='ocrx_word' id='word_1_174' title='bbox 1028 3023 1116 3085; x_wconf 87' lang='lat' dir='ltr'><strong>sunt</strong></span> <span class='ocrx_word' id='word_1_175' title='bbox 1234 3028 1237 3033; x_wconf 85' lang='grc'><strong>’</strong></span> 
     </span>
    </p>
   </div>
   <div class='ocr_carea' id='block_1_6' title="bbox 29 3134 1117 4261">
    <p class='ocr_par' dir='ltr' id='par_1_6' title="bbox 29 3134 1117 4261">
     <span class='ocr_line' id='line_1_25' title="bbox 35 3134 1117 3233; baseline -0.009 -20"><span class='ocrx_word' id='word_1_176' title='bbox 35 3134 130 3229; x_wconf 73' lang='lat' dir='ltr'><strong>Quid</strong></span> <span class='ocrx_word' id='word_1_177' title='bbox 151 3144 252 3233; x_wconf 80' lang='lat' dir='ltr'><strong>igitur</strong></span> <span class='ocrx_word' id='word_1_178' title='bbox 272 3142 458 3231; x_wconf 83' lang='lat' dir='ltr'><strong>impediret,</strong></span> <span class='ocrx_word' id='word_1_179' title='bbox 480 3145 511 3208; x_wconf 86' lang='lat' dir='ltr'><strong>si</strong></span> <span class='ocrx_word' id='word_1_180' title='bbox 525 3163 580 3228; x_wconf 70' lang='lat' dir='ltr'><strong>res</strong></span> <span class='ocrx_word' id='word_1_181' title='bbox 602 3159 682 3206; x_wconf 86' lang='lat' dir='ltr'><strong>sese</strong></span> <span class='ocrx_word' id='word_1_182' title='bbox 702 3138 749 3203; x_wconf 88' lang='lat' dir='ltr'><strong>ita</strong></span> <span class='ocrx_word' id='word_1_183' title='bbox 769 3135 920 3217; x_wconf 72' lang='lat' dir='ltr'><strong>haberet,</strong></span> <span class='ocrx_word' id='word_1_184' title='bbox 941 3136 1117 3220; x_wconf 82' lang='lat' dir='ltr'><strong>quominus</strong></span> 
     </span>
     <span class='ocr_line' id='line_1_26' title="bbox 39 3250 1116 3347; baseline -0.012 -16"><span class='ocrx_word' id='word_1_185' title='bbox 39 3261 161 3331; x_wconf 74' lang='lat' dir='ltr'><strong>errdsa</strong></span> <span class='ocrx_word' id='word_1_186' title='bbox 181 3283 201 3330; x_wconf 86' lang='lat' dir='ltr'><strong>e</strong></span> <span class='ocrx_word' id='word_1_187' title='bbox 223 3259 382 3347; x_wconf 78' lang='lat' dir='ltr'><strong>cordibus</strong></span> <span class='ocrx_word' id='word_1_188' title='bbox 402 3262 527 3328; x_wconf 81' lang='lat' dir='ltr'><strong>nostris</strong></span> <span class='ocrx_word' id='word_1_189' title='bbox 549 3265 584 3326; x_wconf 92' lang='lat' dir='ltr'><strong>et</strong></span> <span class='ocrx_word' id='word_1_190' title='bbox 606 3259 770 3343; x_wconf 83' lang='lat' dir='ltr'><strong>extirpata</strong></span> <span class='ocrx_word' id='word_1_191' title='bbox 791 3254 856 3321; x_wconf 89' lang='lat' dir='ltr'><strong>lide</strong></span> <span class='ocrx_word' id='word_1_192' title='bbox 878 3251 1043 3318; x_wconf 86' lang='lat' dir='ltr'><strong>catholica</strong></span> <span class='ocrx_word' id='word_1_193' title='bbox 1058 3250 1116 3319; x_wconf 89' lang='lat' dir='ltr'><strong>de·</strong></span> 
     </span>
     <span class='ocr_line' id='line_1_27' title="bbox 41 3371 1116 3457; baseline -0.008 -10"><span class='ocrx_word' id='word_1_194' title='bbox 41 3401 231 3449; x_wconf 86' lang='lat' dir='ltr'><strong>sereremus</strong></span> <span class='ocrx_word' id='word_1_195' title='bbox 253 3380 354 3447; x_wconf 86' lang='lat' dir='ltr'><strong>etiam</strong></span> <span class='ocrx_word' id='word_1_196' title='bbox 376 3380 578 3447; x_wconf 71' lang='lat' dir='ltr'><strong>‚societatem</strong></span> <span class='ocrx_word' id='word_1_197' title='bbox 601 3374 863 3454; x_wconf 84' lang='lat' dir='ltr'><strong>Catholicorum‚</strong></span> <span class='ocrx_word' id='word_1_198' title='bbox 891 3371 1116 3457; x_wconf 86' lang='lat' dir='ltr'><strong>rescissisque</strong></span> 
     </span>
     <span class='ocr_line' id='line_1_28' title="bbox 41 3480 1115 3584; baseline -0.011 -17"><span class='ocrx_word' id='word_1_199' title='bbox 41 3480 193 3567; x_wconf 85' lang='lat' dir='ltr'><strong>omnibus</strong></span> <span class='ocrx_word' id='word_1_200' title='bbox 216 3496 373 3580; x_wconf 85' lang='lat' dir='ltr'><strong>vinculis,</strong></span> <span class='ocrx_word' id='word_1_201' title='bbox 407 3494 530 3584; x_wconf 90' lang='lat' dir='ltr'><strong>quibus</strong></span> <span class='ocrx_word' id='word_1_202' title='bbox 555 3495 659 3559; x_wconf 86' lang='lat' dir='ltr'><strong>iuncti</strong></span> <span class='ocrx_word' id='word_1_203' title='bbox 686 3514 761 3559; x_wconf 91' lang='lat' dir='ltr'><strong>cum</strong></span> <span class='ocrx_word' id='word_1_204' title='bbox 782 3491 933 3557; x_wconf 85' lang='lat' dir='ltr'><strong>Romano</strong></span> <span class='ocrx_word' id='word_1_205' title='bbox 955 3485 1115 3557; x_wconf 86' lang='lat' dir='ltr'><strong>Pontibce</strong></span> 
     </span>
     <span class='ocr_line' id='line_1_29' title="bbox 38 3609 1116 3700; baseline -0.013 -15"><span class='ocrx_word' id='word_1_206' title='bbox 38 3622 202 3700; x_wconf 84' lang='lat' dir='ltr'><strong>tenemur,</strong></span> <span class='ocrx_word' id='word_1_207' title='bbox 223 3614 268 3682; x_wconf 91' lang='lat' dir='ltr'><strong>ad</strong></span> <span class='ocrx_word' id='word_1_208' title='bbox 289 3614 386 3681; x_wconf 88' lang='lat' dir='ltr'><strong>aliam</strong></span> <span class='ocrx_word' id='word_1_209' title='bbox 399 3612 477 3681; x_wconf 86' lang='lat' dir='ltr'><strong>fidei</strong></span> <span class='ocrx_word' id='word_1_210' title='bbox 499 3612 746 3679; x_wconf 82' lang='lat' dir='ltr'><strong>confessionem</strong></span> <span class='ocrx_word' id='word_1_211' title='bbox 766 3609 998 3692; x_wconf 80' lang='lat' dir='ltr'><strong>migraremus3</strong></span> <span class='ocrx_word' id='word_1_212' title='bbox 1018 3624 1116 3692; x_wconf 88' lang='lat' dir='ltr'><strong>prae·</strong></span> 
     </span>
     <span class='ocr_line' id='line_1_30' title="bbox 37 3725 1116 3827; baseline -0.013 -24"><span class='ocrx_word' id='word_1_213' title='bbox 37 3736 156 3807; x_wconf 83' lang='lat' dir='ltr'><strong>sertim</strong></span> <span class='ocrx_word' id='word_1_214' title='bbox 181 3746 285 3821; x_wconf 84' lang='lat' dir='ltr'><strong>quum</strong></span> <span class='ocrx_word' id='word_1_215' title='bbox 312 3735 357 3801; x_wconf 90' lang='lat' dir='ltr'><strong>ad</strong></span> <span class='ocrx_word' id='word_1_216' title='bbox 381 3731 483 3827; x_wconf 85' lang='lat' dir='ltr'><strong>talem</strong></span> <span class='ocrx_word' id='word_1_217' title='bbox 509 3731 724 3797; x_wconf 89' lang='lat' dir='ltr'><strong>mutationem</strong></span> <span class='ocrx_word' id='word_1_218' title='bbox 749 3726 857 3812; x_wconf 90' lang='lat' dir='ltr'><strong>ipsius</strong></span> <span class='ocrx_word' id='word_1_219' title='bbox 890 3725 1116 3809; x_wconf 83' lang='lat' dir='ltr'><strong>conscientiae</strong></span> 
     </span>
     <span class='ocr_line' id='line_1_31' title="bbox 34 3836 1115 3941; baseline -0.018 -17"><span class='ocrx_word' id='word_1_220' title='bbox 34 3876 108 3924; x_wconf 83' lang='lat' dir='ltr'><strong>vox</strong></span> <span class='ocrx_word' id='word_1_221' title='bbox 123 3860 160 3923; x_wconf 89' lang='lat' dir='ltr'><strong>ct</strong></span> <span class='ocrx_word' id='word_1_222' title='bbox 173 3852 276 3921; x_wconf 86' lang='lat' dir='ltr'><strong>officii</strong></span> <span class='ocrx_word' id='word_1_223' title='bbox 295 3855 512 3941; x_wconf 73' lang='lat' dir='ltr'><strong>praeceptum</strong></span> <span class='ocrx_word' id='word_1_224' title='bbox 532 3868 595 3916; x_wconf 90' lang='lat' dir='ltr'><strong>nos</strong></span> <span class='ocrx_word' id='word_1_225' title='bbox 616 3842 784 3933; x_wconf 87' lang='lat' dir='ltr'><strong>impellere</strong></span> <span class='ocrx_word' id='word_1_226' title='bbox 806 3836 966 3908; x_wconf 73' lang='lat' dir='ltr'><strong>deberet?</strong></span> <span class='ocrx_word' id='word_1_227' title='bbox 994 3838 1115 3921; x_wconf 78' lang='lat' dir='ltr'><strong>Quam·</strong></span> 
     </span>
     <span class='ocr_line' id='line_1_32' title="bbox 32 3952 1115 4065; baseline -0.02 -22"><span class='ocrx_word' id='word_1_228' title='bbox 32 3996 140 4065; x_wconf 88' lang='lat' dir='ltr'><strong>quam</strong></span> <span class='ocrx_word' id='word_1_229' title='bbox 166 3971 247 4061; x_wconf 89' lang='lat' dir='ltr'><strong>quid</strong></span> <span class='ocrx_word' id='word_1_230' title='bbox 271 3969 391 4057; x_wconf 88' lang='lat' dir='ltr'><strong>loquor</strong></span> <span class='ocrx_word' id='word_1_231' title='bbox 419 3968 461 4033; x_wconf 88' lang='lat' dir='ltr'><strong>de</strong></span> <span class='ocrx_word' id='word_1_232' title='bbox 488 3965 743 4054; x_wconf 85' lang='lat' dir='ltr'><strong>praesentiant</strong></span> <span class='ocrx_word' id='word_1_233' title='bbox 774 3960 912 4027; x_wconf 85' lang='lat' dir='ltr'><strong>instanti</strong></span> <span class='ocrx_word' id='word_1_234' title='bbox 944 3952 1115 4044; x_wconf 69' lang='lat' dir='ltr'><strong>tempore?</strong></span> 
     </span>
     <span class='ocr_line' id='line_1_33' title="bbox 29 4072 1115 4179; baseline -0.019 -18"><span class='ocrx_word' id='word_1_235' title='bbox 29 4096 104 4171; x_wconf 81' lang='lat' dir='ltr'><strong>iam</strong></span> <span class='ocrx_word' id='word_1_236' title='bbox 130 4089 256 4161; x_wconf 89' lang='lat' dir='ltr'><strong>dudum</strong></span> <span class='ocrx_word' id='word_1_237' title='bbox 275 4087 449 4179; x_wconf 84' lang='lat' dir='ltr'><strong>equidem,</strong></span> <span class='ocrx_word' id='word_1_238' title='bbox 481 4087 513 4153; x_wconf 90' lang='lat' dir='ltr'><strong>si</strong></span> <span class='ocrx_word' id='word_1_239' title='bbox 532 4090 584 4153; x_wconf 90' lang='lat' dir='ltr'><strong>tot</strong></span> <span class='ocrx_word' id='word_1_240' title='bbox 608 4087 743 4171; x_wconf 90' lang='lat' dir='ltr'><strong>tamque</strong></span> <span class='ocrx_word' id='word_1_241' title='bbox 764 4076 893 4156; x_wconf 85' lang='lat' dir='ltr'><strong>cordati</strong></span> <span class='ocrx_word' id='word_1_242' title='bbox 919 4072 1115 4163; x_wconf 85' lang='lat' dir='ltr'><strong>discipulis</strong></span> 
     </span>
     <span class='ocr_line' id='line_1_34' title="bbox 885 4197 912 4261; baseline 0 0"><span class='ocrx_word' id='word_1_243' title='bbox 885 4197 912 4261; x_wconf 65' lang='grc' dir='ltr'>θ</span> 
     </span>
    </p>
   </div>
   <div class='ocr_carea' id='block_1_7' title="bbox 0 0 1262 4792">
    <p class='ocr_par' dir='ltr' id='par_1_7' title="bbox 0 0 1262 4792">
     <span class='ocr_line' id='line_1_35' title="bbox 0 0 1262 4792; baseline 0 1"><span class='ocrx_word' id='word_1_244' title='bbox 0 0 1262 4792; x_wconf 95' lang='lat' dir='ltr'><strong> </strong></span> 
     </span>
    </p>
   </div>
  </div>
 </body>
</html>
