2514 4792
108 468 248 533 llomam
268 458 501 546 'detulistis*)‚
532 456 631 546 plane
661 460 778 525 contra
805 474 846 525 se
876 450 1060 549 haberem

110 584 203 650 solus
230 580 403 670 profiteor,
436 576 501 645 sed
527 596 644 644 omnes
672 574 840 643 Hermesii
863 570 1018 660 discipuli
1036 594 1060 639 u

110 702 287 784 affirmant,
314 698 429 787 plures
449 698 549 764 etiam
570 697 634 761 iam
656 699 733 759 ante
755 712 863 759 annos
883 690 1011 780 aliquot
1029 692 1060 757 in

110 820 204 887 libris
224 839 343 905 magno
366 821 632 904 argumentorum
652 812 801 901 pondere
817 808 1060 897 comprobarem

111 960 194 1005 sane
214 922 360 1021 mirarer,
381 932 548 1023 quomrdo
569 931 613 997 sd
633 930 721 997 hunc
742 914 856 1017 usque'
875 927 964 995 diem
982 948 1060 1015 nonj

112 1058 184 1123 ritis
206 1056 361 1123 Vestram
387 1054 431 1119 de
457 1050 633 1120 Hermesio
663 1048 964 1137 Hemresianisque
989 1048 1060 1113 sent

113 1196 189 1241 eum
208 1171 334 1240 meliori
363 1175 567 1260 permutare,
598 1167 664 1233 nisi
691 1165 802 1233 tales
830 1168 1018 1254 opinionum
1040 1186 1060 1231 er

29 1376 33 1381 .
113 1291 236 1379 quibus
261 1290 335 1358 Vos
364 1294 400 1355 et
425 1287 509 1355 alios
534 1285 622 1353 bene
648 1284 771 1351 multos
799 1283 958 1352 addictos
984 1302 1053 1352 esse

113 1416 242 1477 menter
263 1406 361 1474 doleo
368 1455 379 1491 ,
401 1411 437 1473 et
458 1403 646 1473 difficillime
668 1403 790 1492 expelli
809 1424 918 1491 posse
940 1410 977 1471 et
994 1405 1060 1469 inea

114 1533 167 1593 ter
187 1523 324 1591 turbare
346 1547 464 1592 sanum
485 1523 528 1593 de
549 1521 622 1591 allis
643 1520 801 1589 iudicium
822 1522 1060 1607 experientiat

115 1652 178 1711 tur.
222 1641 335 1715 Minus
356 1640 547 1709 luctuosum
560 1648 666 1728 esset,
688 1644 719 1708 si
733 1638 799 1709 soli
818 1638 1060 1730 perstitissetis;

117 1768 188 1829 stra
210 1762 392 1829 sententia:
425 1759 505 1828 illud
524 1759 810 1829 luctuosissimum
835 1764 908 1842 est,
942 1754 1023 1848 quod
1035 1774 1060 1821 n

117 1880 297 1946 deformem
318 1877 502 1946 fidelissimi
520 1877 683 1948 Doctoris
704 1880 878 1965 imaginem
893 1872 1060 1944 sancum

116 2001 160 2064 tri
180 1996 361 2081 obtulistis,
383 1998 441 2085 qui
461 1999 493 2062 si
514 1994 638 2085 aliquid
658 1996 803 2099 damnat,
825 2002 920 2062 oerte
940 1989 1060 2064 Verius

116 2136 196 2184 nare
219 2117 393 2203 opiniones
420 2115 664 2183 existimandus
685 2121 748 2182 est
792 2112 1060 2200 Resipiseatislg

118 2234 162 2302 ad
189 2232 358 2299 meliorem
388 2231 532 2319 frugem
549 2233 714 2318 redeatis,
749 2212 832 2297 hae
857 2230 981 2301 saltem
1000 2234 1060 2299 aad

118 2352 272 2439 permoti,
295 2371 395 2438 quam
416 2371 575 2438 spernere
596 2372 664 2433 non
679 2347 822 2418 debetis.
864 2351 1012 2420 Vestrae
1024 2370 1060 2438 op

119 2489 187 2534 non
209 2466 316 2534 solum
344 2467 496 2537 redolent
520 2468 861 2553 Bautaenianismum,
894 2469 1060 2537 sed-intio

123 2586 242 2672 spiritu
262 2586 407 2654 infectae
429 2590 524 2652 sunt:
558 2584 623 2654 has
643 2586 812 2654 damnavit
832 2583 1060 2655 sanctissima

123 2700 338 2789 approbando
370 2700 558 2792 Epistolam
590 2704 695 2791 illam,
731 2705 774 2771 de
807 2694 874 2792 qua
906 2726 1011 2793 saepe
1044 2703 1060 2773 d

122 2819 254 2887 Eodem
275 2823 357 2905 iure,
379 2844 445 2909 quo
468 2829 584 2918 contra
599 2824 819 2909 Hermesium,
840 2828 1002 2912 potuistis
1023 2825 1060 2893 eti

124 2959 247 3009 versus
273 2937 482 3028 Episcopmn
509 2944 829 3028 Argentoratensem
855 2940 974 3010 Vestri
1002 2962 1060 3011 eor.

125 3057 289 3125 lemmatis
312 3057 462 3143 dirigere.
505 3062 626 3126 Nonne
646 3059 702 3127 hie
722 3065 838 3127 tantus
860 3060 931 3147 vir,
954 3058 1060 3151 reprel

126 3174 355 3258 Bautaenium,
377 3179 496 3242 iterum
511 3179 695 3266 iterumque
711 3178 814 3246 docet
834 3177 1060 3248 demonstra

128 3295 405 3361 esserationis
427 3316 491 3360 usu
513 3294 717 3365 divinitatem
740 3297 912 3366 doetrinae
935 3297 1060 3369 christia

128 3456 333 3471 m

166 3565 186 3630 ‘)
209 3564 266 3615 Non
285 3567 409 3616 incautus
427 3567 505 3626 dieo;
524 3566 577 3634 ipsi
595 3566 675 3627 onim,
695 3567 760 3636 qnid
777 3568 951 3631 moliamini,
970 3574 1060 3625 satis:

216 3649 327 3700 ‹lioastis
350 3652 378 3701 in
400 3650 571 3718 Ephemerid.
594 3650 894 3720 schafnaburgensitm
916 3655 939 3709 l.
957 3671 1000 3708 ea
1040 3696 1060 3723 ‚,

214 3734 371 3803 Aulregnng
388 3736 441 3786 der.
454 3734 599 3787 Gomr‘rtlrer
615 3738 728 3788 wanden
745 3741 797 3791 wir
814 3741 858 3791 die
868 3739 1060 3809 nnelrfolgendr

215 3836 248 3867 an
268 3819 320 3868 alle
338 3818 514 3886 grundlielreu
533 3820 701 3890 Tlreologen,
727 3825 765 3874 sie
790 3825 956 3887 ersuchend,
982 3828 1060 3881 durel

215 3903 370 3953 Animorten
393 3907 443 3957 den
468 3904 680 3957 solimanlrenden
703 3906 864 3978 Meinungen
889 3912 934 3961 lirr
951 3912 1010 3966 und
1033 3934 1060 3967 w

215 4003 283 4039 neue
302 3989 336 4054 (l)
354 3986 505 4058 Theologr'e'
518 3994 594 4043 einen
612 3991 761 4062 dussellag
779 4013 812 4045 nn
831 3994 927 4063 gelren,
946 3996 1003 4050 bis
1021 4002 1060 4055 dr

215 4073 292 4122 dart
315 4074 412 4124 seins
436 4074 695 4147 Entsrlreiduup
717 4080 845 4141 l'iudet,
874 4099 925 4133 wo
951 4083 1007 4136 «lie
1026 4092 1060 4140 A*

215 4157 276 4220 inl,
296 4158 348 4210 dis
366 4160 440 4212 eine
459 4160 627 4227 goltliclre
644 4148 909 4235 Beglaulrigdng
925 4166 1021 4225 ham
