<?xml version="1.0" encoding="UTF-8"?>
<!DOCTYPE html PUBLIC "-//W3C//DTD XHTML 1.0 Transitional//EN"
    "http://www.w3.org/TR/xhtml1/DTD/xhtml1-transitional.dtd">
<html xmlns="http://www.w3.org/1999/xhtml" xml:lang="en" lang="en">
 <head>
  <title>
</title>
<meta http-equiv="Content-Type" content="text/html;charset=utf-8" />
  <meta name='ocr-system' content='tesseract 3.04.00' />
  <meta name='ocr-capabilities' content='ocr_page ocr_carea ocr_par ocr_line ocrx_word'/>
</head>
<body>
  <div class='ocr_page' id='page_1' title='image "actahermesianaq00elvegoog_0139.png"; bbox 0 0 2514 4792; ppageno 0'>
   <div class='ocr_carea' id='block_1_1' title="bbox 105 256 1252 1129">
    <p class='ocr_par' dir='ltr' id='par_1_1' title="bbox 105 256 1257 1129">
     <span class='ocr_line' id='line_1_1' title="bbox 629 256 1131 345; baseline -0.018 -22"><span class='ocrx_word' id='word_1_1' title='bbox 629 256 707 323; x_wconf 84' lang='lat' dir='ltr'><strong>llo</strong></span> <span class='ocrx_word' id='word_1_2' title='bbox 1127 340 1131 345; x_wconf 12' lang='grc' dir='ltr'><strong>μ</strong></span> 
     </span>
     <span class='ocr_line' id='line_1_2' title="bbox 133 365 1252 530; baseline -0.017 -11"><span class='ocrx_word' id='word_1_3' title='bbox 133 475 208 520; x_wconf 78' lang='lat' dir='ltr'><strong>mus</strong></span> <span class='ocrx_word' id='word_1_4' title='bbox 229 454 263 516; x_wconf 93' lang='lat' dir='ltr'><strong>in</strong></span> <span class='ocrx_word' id='word_1_5' title='bbox 290 452 435 515; x_wconf 83' lang='lat' dir='ltr'><strong>tractatu</strong></span> <span class='ocrx_word' id='word_1_6' title='bbox 464 446 506 512; x_wconf 91' lang='lat' dir='ltr'><strong>de</strong></span> <span class='ocrx_word' id='word_1_7' title='bbox 534 444 658 530; x_wconf 80' lang='lat' dir='ltr'><strong>gratia,</strong></span> <span class='ocrx_word' id='word_1_8' title='bbox 691 441 856 509; x_wconf 80' lang='lat' dir='ltr'><strong>nonnisi</strong></span> <span class='ocrx_word' id='word_1_9' title='bbox 889 436 1050 505; x_wconf 87' lang='lat' dir='ltr'><strong>auxilio</strong></span> <span class='ocrx_word' id='word_1_10' title='bbox 1081 437 1181 524; x_wconf 81' lang='lat' dir='ltr'><strong>gratioe</strong></span> <span class='ocrx_word' id='word_1_11' title='bbox 1240 365 1252 427; x_wconf 51' lang='lat' dir='ltr'>h</span> 
     </span>
     <span class='ocr_line' id='line_1_3' title="bbox 134 554 1187 652; baseline -0.017 -15"><span class='ocrx_word' id='word_1_12' title='bbox 134 576 326 637; x_wconf 84' lang='lat' dir='ltr'><strong>internae</strong></span> <span class='ocrx_word' id='word_1_13' title='bbox 357 561 619 652; x_wconf 81' lang='lat' dir='ltr'><strong>supernaturalis</strong></span> <span class='ocrx_word' id='word_1_14' title='bbox 639 601 682 611; x_wconf 95' lang='lat'><em>-</em></span> <span class='ocrx_word' id='word_1_15' title='bbox 703 557 963 627; x_wconf 79' lang='lat' dir='ltr'><strong>fundamentalia</strong></span> <span class='ocrx_word' id='word_1_16' title='bbox 995 558 1100 623; x_wconf 86' lang='lat' dir='ltr'><strong>omnia</strong></span> <span class='ocrx_word' id='word_1_17' title='bbox 1127 554 1187 634; x_wconf 85' lang='lat' dir='ltr'><strong>reli·</strong></span> 
     </span>
     <span class='ocr_line' id='line_1_4' title="bbox 136 676 1197 777; baseline -0.016 -22"><span class='ocrx_word' id='word_1_18' title='bbox 136 691 244 777; x_wconf 80' lang='lat' dir='ltr'><strong>gionis</strong></span> <span class='ocrx_word' id='word_1_19' title='bbox 264 703 457 771; x_wconf 87' lang='lat' dir='ltr'><strong>morumque</strong></span> <span class='ocrx_word' id='word_1_20' title='bbox 481 682 637 769; x_wconf 84' lang='lat' dir='ltr'><strong>dogmata</strong></span> <span class='ocrx_word' id='word_1_21' title='bbox 652 682 892 767; x_wconf 74' lang='lat' dir='ltr'><strong>cognoscem“</strong></span> <span class='ocrx_word' id='word_1_22' title='bbox 935 677 1053 765; x_wconf 86' lang='lat' dir='ltr'><strong>ltaque</strong></span> <span class='ocrx_word' id='word_1_23' title='bbox 1072 676 1197 741; x_wconf 83' lang='lat' dir='ltr'><strong>Herme—</strong></span> 
     </span>
     <span class='ocr_line' id='line_1_5' title="bbox 136 792 1206 890; baseline -0.013 -17"><span class='ocrx_word' id='word_1_24' title='bbox 136 804 209 873; x_wconf 79' lang='lat' dir='ltr'><strong>siuu</strong></span> <span class='ocrx_word' id='word_1_25' title='bbox 243 804 287 870; x_wconf 90' lang='lat' dir='ltr'><strong>ad</strong></span> <span class='ocrx_word' id='word_1_26' title='bbox 319 804 541 890; x_wconf 80' lang='lat' dir='ltr'><strong>cognitionem</strong></span> <span class='ocrx_word' id='word_1_27' title='bbox 576 798 631 866; x_wconf 77' lang='lat' dir='ltr'><strong>&#39;vel</strong></span> <span class='ocrx_word' id='word_1_28' title='bbox 666 792 1041 865; x_wconf 85' lang='lat' dir='ltr'><strong>fundamentalium</strong></span> <span class='ocrx_word' id='word_1_29' title='bbox 1074 797 1206 861; x_wconf 81' lang='lat' dir='ltr'><strong>istomm</strong></span> 
     </span>
     <span class='ocr_line' id='line_1_6' title="bbox 105 915 1212 1012; baseline -0.019 -20"><span class='ocrx_word' id='word_1_30' title='bbox 105 928 107 932; x_wconf 62' lang='lat'><strong><em>‘</em></strong></span> <span class='ocrx_word' id='word_1_31' title='bbox 139 926 331 1012; x_wconf 82' lang='lat' dir='ltr'><strong>dogmatum</strong></span> <span class='ocrx_word' id='word_1_32' title='bbox 359 921 497 988; x_wconf 81' lang='lat' dir='ltr'><strong>rationis</strong></span> <span class='ocrx_word' id='word_1_33' title='bbox 524 920 579 985; x_wconf 86' lang='lat' dir='ltr'><strong>via</strong></span> <span class='ocrx_word' id='word_1_34' title='bbox 607 915 862 1003; x_wconf 81' lang='lat' dir='ltr'><strong>comparandam</strong></span> <span class='ocrx_word' id='word_1_35' title='bbox 889 922 925 982; x_wconf 91' lang='lat' dir='ltr'><strong>et</strong></span> <span class='ocrx_word' id='word_1_36' title='bbox 951 922 1051 980; x_wconf 85' lang='lat' dir='ltr'><strong>acute</strong></span> <span class='ocrx_word' id='word_1_37' title='bbox 1073 920 1105 980; x_wconf 87' lang='lat' dir='ltr'><strong>et</strong></span> <span class='ocrx_word' id='word_1_38' title='bbox 1128 926 1212 977; x_wconf 83' lang='lat' dir='ltr'><strong>vere</strong></span> 
     </span>
     <span class='ocr_line' id='line_1_7' title="bbox 138 1032 1218 1129; baseline -0.015 -21"><span class='ocrx_word' id='word_1_39' title='bbox 138 1042 310 1129; x_wconf 79' lang='lat' dir='ltr'><strong>distinguit</strong></span> <span class='ocrx_word' id='word_1_40' title='bbox 322 1037 443 1125; x_wconf 78' lang='lat' dir='ltr'><strong>duplex</strong></span> <span class='ocrx_word' id='word_1_41' title='bbox 456 1036 680 1103; x_wconf 88' lang='lat' dir='ltr'><strong>adiumentum</strong></span> <span class='ocrx_word' id='word_1_42' title='bbox 702 1032 966 1123; x_wconf 84' lang='lat' dir='ltr'><strong>supematurale‚</strong></span> <span class='ocrx_word' id='word_1_43' title='bbox 981 1054 1081 1099; x_wconf 89' lang='lat' dir='ltr'><strong>unum</strong></span> <span class='ocrx_word' id='word_1_44' title='bbox 1101 1035 1218 1095; x_wconf 79' lang='lat' dir='ltr'><strong>exter·</strong></span> 
     </span>
    </p>
   </div>
   <div class='ocr_carea' id='block_1_2' title="bbox 141 1140 1224 1251">
    <p class='ocr_par' dir='ltr' id='par_1_2' title="bbox 141 1140 1224 1251">
     <span class='ocr_line' id='line_1_8' title="bbox 141 1140 1224 1251; baseline -0.011 -28"><span class='ocrx_word' id='word_1_45' title='bbox 141 1181 230 1241; x_wconf 86' lang='lat' dir='ltr'><strong>num,</strong></span> <span class='ocrx_word' id='word_1_46' title='bbox 252 1156 343 1251; x_wconf 80' lang='lat' dir='ltr'><strong>quod</strong></span> <span class='ocrx_word' id='word_1_47' title='bbox 364 1158 491 1242; x_wconf 81' lang='lat' dir='ltr'><strong>Legem</strong></span> <span class='ocrx_word' id='word_1_48' title='bbox 514 1145 616 1221; x_wconf 86' lang='lat' dir='ltr'><strong>vocat</strong></span> <span class='ocrx_word' id='word_1_49' title='bbox 638 1140 824 1241; x_wconf 65' lang='lat' dir='ltr'><strong>Apostolus</strong></span> <span class='ocrx_word' id='word_1_50' title='bbox 845 1152 889 1218; x_wconf 90' lang='lat' dir='ltr'><strong>ad</strong></span> <span class='ocrx_word' id='word_1_51' title='bbox 909 1152 1006 1219; x_wconf 87' lang='lat' dir='ltr'><strong>Rom.</strong></span> <span class='ocrx_word' id='word_1_52' title='bbox 1023 1154 1060 1233; x_wconf 72' lang='lat'><strong>2,</strong></span> <span class='ocrx_word' id='word_1_53' title='bbox 1076 1146 1224 1215; x_wconf 79' lang='lat' dir='ltr'><strong>alterum</strong></span> 
     </span>
    </p>
   </div>
   <div class='ocr_carea' id='block_1_3' title="bbox 30 1272 1226 1344">
    <p class='ocr_par' dir='ltr' id='par_1_3' title="bbox 30 1272 1226 1344">
     <span class='ocr_line' id='line_1_9' title="bbox 30 1272 1226 1344; baseline -0.014 0"><span class='ocrx_word' id='word_1_54' title='bbox 30 1284 34 1297; x_wconf 90' lang='grc'><strong>“</strong></span> <span class='ocrx_word' id='word_1_55' title='bbox 135 1280 310 1344; x_wconf 87' lang='lat' dir='ltr'><strong>internum.</strong></span> <span class='ocrx_word' id='word_1_56' title='bbox 354 1275 437 1340; x_wconf 89' lang='lat' dir='ltr'><strong>Illud</strong></span> <span class='ocrx_word' id='word_1_57' title='bbox 462 1278 492 1339; x_wconf 83' lang='lat' dir='ltr'><strong>si</strong></span> <span class='ocrx_word' id='word_1_58' title='bbox 514 1273 676 1339; x_wconf 84' lang='lat' dir='ltr'><strong>adfinem</strong></span> <span class='ocrx_word' id='word_1_59' title='bbox 703 1272 803 1337; x_wconf 91' lang='lat' dir='ltr'><strong>modo</strong></span> <span class='ocrx_word' id='word_1_60' title='bbox 834 1276 1124 1337; x_wconf 89' lang='lat' dir='ltr'><strong>commemoratum</strong></span> <span class='ocrx_word' id='word_1_61' title='bbox 1139 1278 1226 1332; x_wconf 80' lang='lat' dir='ltr'><strong>uon</strong></span> 
     </span>
    </p>
   </div>
   <div class='ocr_carea' id='block_1_4' title="bbox 31 1374 1257 4199">
    <p class='ocr_par' dir='ltr' id='par_1_4' title="bbox 31 1374 1251 3613">
     <span class='ocr_line' id='line_1_10' title="bbox 31 1374 1227 1485; baseline -0.007 -22"><span class='ocrx_word' id='word_1_62' title='bbox 31 1476 34 1485; x_wconf 12' lang='grc' dir='ltr'>ἦ</span> <span class='ocrx_word' id='word_1_63' title='bbox 141 1403 196 1462; x_wconf 86' lang='lat' dir='ltr'><strong>est</strong></span> <span class='ocrx_word' id='word_1_64' title='bbox 218 1394 373 1460; x_wconf 86' lang='lat' dir='ltr'><strong>absolute</strong></span> <span class='ocrx_word' id='word_1_65' title='bbox 393 1394 632 1474; x_wconf 85' lang='lat' dir='ltr'><strong>necessarium,</strong></span> <span class='ocrx_word' id='word_1_66' title='bbox 655 1388 760 1478; x_wconf 88' lang='lat' dir='ltr'><strong>(quod</strong></span> <span class='ocrx_word' id='word_1_67' title='bbox 781 1389 867 1455; x_wconf 88' lang='lat' dir='ltr'><strong>idem</strong></span> <span class='ocrx_word' id='word_1_68' title='bbox 893 1389 995 1455; x_wconf 85' lang='lat' dir='ltr'><strong>docet</strong></span> <span class='ocrx_word' id='word_1_69' title='bbox 1014 1374 1227 1474; x_wconf 57' lang='lat' dir='ltr'><strong>Apostolus,</strong></span> 
     </span>
     <span class='ocr_line' id='line_1_11' title="bbox 34 1496 1228 1600; baseline -0.01 -22"><span class='ocrx_word' id='word_1_70' title='bbox 34 1496 39 1507; x_wconf 39' lang='lat'>⁸</span> <span class='ocrx_word' id='word_1_71' title='bbox 139 1517 317 1600; x_wconf 88' lang='lat' dir='ltr'><strong>propterea</strong></span> <span class='ocrx_word' id='word_1_72' title='bbox 345 1532 414 1577; x_wconf 87' lang='lat' dir='ltr'><strong>noo</strong></span> <span class='ocrx_word' id='word_1_73' title='bbox 440 1530 607 1577; x_wconf 79' lang='lat' dir='ltr'><strong>exmrsauo</strong></span> <span class='ocrx_word' id='word_1_74' title='bbox 635 1530 786 1597; x_wconf 81' lang='lat' dir='ltr'><strong>paganos</strong></span> <span class='ocrx_word' id='word_1_75' title='bbox 814 1506 856 1571; x_wconf 89' lang='lat' dir='ltr'><strong>ad</strong></span> <span class='ocrx_word' id='word_1_76' title='bbox 889 1504 1107 1573; x_wconf 82' lang='lat' dir='ltr'><strong>idololatriam</strong></span> <span class='ocrx_word' id='word_1_77' title='bbox 1132 1522 1228 1568; x_wconf 75' lang='lat' dir='ltr'><strong>con-</strong></span> 
     </span>
     <span class='ocr_line' id='line_1_12' title="bbox 139 1624 1227 1721; baseline -0.008 -26"><span class='ocrx_word' id='word_1_78' title='bbox 139 1651 259 1696; x_wconf 83' lang='lat' dir='ltr'><strong>versos</strong></span> <span class='ocrx_word' id='word_1_79' title='bbox 273 1640 323 1721; x_wconf 73' lang='lat' dir='ltr'><strong>‘ac</strong></span> <span class='ocrx_word' id='word_1_80' title='bbox 345 1629 538 1714; x_wconf 80' lang='lat' dir='ltr'><strong>turpitudini</strong></span> <span class='ocrx_word' id='word_1_81' title='bbox 560 1624 719 1713; x_wconf 66' lang='lat' dir='ltr'><strong>deditum)</strong></span> <span class='ocrx_word' id='word_1_82' title='bbox 734 1633 845 1694; x_wconf 84' lang='lat' dir='ltr'><strong>tamen</strong></span> <span class='ocrx_word' id='word_1_83' title='bbox 866 1626 951 1692; x_wconf 90' lang='lat' dir='ltr'><strong>adeo</strong></span> <span class='ocrx_word' id='word_1_84' title='bbox 973 1624 1055 1693; x_wconf 87' lang='lat' dir='ltr'><strong>utile</strong></span> <span class='ocrx_word' id='word_1_85' title='bbox 1078 1631 1112 1690; x_wconf 92' lang='lat' dir='ltr'><strong>et</strong></span> <span class='ocrx_word' id='word_1_86' title='bbox 1131 1642 1227 1688; x_wconf 82' lang='lat' dir='ltr'><strong>exo-</strong></span> 
     </span>
     <span class='ocr_line' id='line_1_13' title="bbox 139 1740 1229 1835; baseline -0.01 -21"><span class='ocrx_word' id='word_1_87' title='bbox 139 1753 281 1835; x_wconf 90' lang='lat' dir='ltr'><strong>ptatum,</strong></span> <span class='ocrx_word' id='word_1_88' title='bbox 304 1746 389 1813; x_wconf 86' lang='lat' dir='ltr'><strong>adeo</strong></span> <span class='ocrx_word' id='word_1_89' title='bbox 412 1746 536 1813; x_wconf 84' lang='lat' dir='ltr'><strong>efficax</strong></span> <span class='ocrx_word' id='word_1_90' title='bbox 558 1752 622 1829; x_wconf 84' lang='lat' dir='ltr'><strong>est,</strong></span> <span class='ocrx_word' id='word_1_91' title='bbox 659 1750 722 1829; x_wconf 85' lang='lat' dir='ltr'><strong>„ut</strong></span> <span class='ocrx_word' id='word_1_92' title='bbox 742 1746 854 1813; x_wconf 89' lang='lat' dir='ltr'><strong>mirari</strong></span> <span class='ocrx_word' id='word_1_93' title='bbox 871 1766 939 1811; x_wconf 91' lang='lat' dir='ltr'><strong>nou</strong></span> <span class='ocrx_word' id='word_1_94' title='bbox 958 1740 1060 1810; x_wconf 80' lang='lat' dir='ltr'><strong>liceat</strong></span> <span class='ocrx_word' id='word_1_95' title='bbox 1080 1746 1229 1808; x_wconf 82' lang='lat' dir='ltr'><strong>verum</strong></span> 
     </span>
     <span class='ocr_line' id='line_1_14' title="bbox 136 1861 1230 1951; baseline -0.009 -18"><span class='ocrx_word' id='word_1_96' title='bbox 136 1864 354 1951; x_wconf 80' lang='lat' dir='ltr'><strong>&#39;l&#39;lreologiam</strong></span> <span class='ocrx_word' id='word_1_97' title='bbox 375 1865 558 1931; x_wconf 85' lang='lat' dir='ltr'><strong>naturalem</strong></span> <span class='ocrx_word' id='word_1_98' title='bbox 578 1866 637 1929; x_wconf 84' lang='lat' dir='ltr'><strong>vix</strong></span> <span class='ocrx_word' id='word_1_99' title='bbox 659 1861 748 1949; x_wconf 90' lang='lat' dir='ltr'><strong>apud</strong></span> <span class='ocrx_word' id='word_1_100' title='bbox 775 1885 906 1950; x_wconf 84' lang='lat' dir='ltr'><strong>paucos</strong></span> <span class='ocrx_word' id='word_1_101' title='bbox 926 1862 1091 1951; x_wconf 85' lang='lat' dir='ltr'><strong>quosdam</strong></span> <span class='ocrx_word' id='word_1_102' title='bbox 1111 1880 1230 1948; x_wconf 61' lang='lat' dir='ltr'><strong>paga‘</strong></span> 
     </span>
     <span class='ocr_line' id='line_1_15' title="bbox 136 1976 1232 2071; baseline -0.006 -21"><span class='ocrx_word' id='word_1_103' title='bbox 136 2005 201 2051; x_wconf 77' lang='lat' dir='ltr'><strong>noo</strong></span> <span class='ocrx_word' id='word_1_104' title='bbox 222 1985 393 2071; x_wconf 85' lang='lat' dir='ltr'><strong>reperiri,“</strong></span> <span class='ocrx_word' id='word_1_105' title='bbox 416 1984 553 2069; x_wconf 89' lang='lat' dir='ltr'><strong>(lutrod.</strong></span> <span class='ocrx_word' id='word_1_106' title='bbox 565 1980 689 2048; x_wconf 83' lang='lat' dir='ltr'><strong>Philus.</strong></span> <span class='ocrx_word' id='word_1_107' title='bbox 712 1977 741 2069; x_wconf 60' lang='lat' dir='ltr'><strong>l.</strong></span> <span class='ocrx_word' id='word_1_108' title='bbox 753 1984 837 2068; x_wconf 80' lang='lat'><strong>66);</strong></span> <span class='ocrx_word' id='word_1_109' title='bbox 869 1980 1009 2048; x_wconf 87' lang='lat' dir='ltr'><strong>altemm</strong></span> <span class='ocrx_word' id='word_1_110' title='bbox 1028 1994 1095 2049; x_wconf 84' lang='lat' dir='ltr'><strong>no&#39;n</strong></span> <span class='ocrx_word' id='word_1_111' title='bbox 1115 1976 1232 2045; x_wconf 82' lang='lat' dir='ltr'><strong>ruodo</strong></span> 
     </span>
     <span class='ocr_line' id='line_1_16' title="bbox 136 2097 1235 2191; baseline -0.003 -25"><span class='ocrx_word' id='word_1_112' title='bbox 136 2101 217 2191; x_wconf 75' lang='lat' dir='ltr'><strong>utile</strong></span> <span class='ocrx_word' id='word_1_113' title='bbox 240 2100 306 2166; x_wconf 84' lang='lat' dir='ltr'><strong>sed·</strong></span> <span class='ocrx_word' id='word_1_114' title='bbox 325 2099 479 2168; x_wconf 78' lang='lat' dir='ltr'><strong>absolute</strong></span> <span class='ocrx_word' id='word_1_115' title='bbox 505 2102 735 2168; x_wconf 82' lang='lat' dir='ltr'><strong>necessarium</strong></span> <span class='ocrx_word' id='word_1_116' title='bbox 762 2122 841 2170; x_wconf 76' lang='lat' dir='ltr'><strong>eece</strong></span> <span class='ocrx_word' id='word_1_117' title='bbox 861 2100 1060 2169; x_wconf 79' lang='lat' dir='ltr'><strong>Hermeeiue</strong></span> <span class='ocrx_word' id='word_1_118' title='bbox 1081 2097 1235 2191; x_wconf 57' lang='lat' dir='ltr'><strong>ludite*</strong></span> 
     </span>
     <span class='ocr_line' id='line_1_17' title="bbox 135 2217 1237 2308; baseline -0.005 -22"><span class='ocrx_word' id='word_1_119' title='bbox 135 2228 196 2286; x_wconf 81' lang='lat' dir='ltr'><strong>tur·</strong></span> <span class='ocrx_word' id='word_1_120' title='bbox 212 2227 315 2308; x_wconf 86' lang='lat' dir='ltr'><strong>atque</strong></span> <span class='ocrx_word' id='word_1_121' title='bbox 337 2220 554 2286; x_wconf 80' lang='lat' dir='ltr'><strong>demonstrat</strong></span> <span class='ocrx_word' id='word_1_122' title='bbox 598 2218 648 2286; x_wconf 78' lang='lat' dir='ltr'><strong>Et</strong></span> <span class='ocrx_word' id='word_1_123' title='bbox 678 2221 755 2306; x_wconf 77' lang='lat' dir='ltr'><strong>quio</strong></span> <span class='ocrx_word' id='word_1_124' title='bbox 781 2222 955 2306; x_wconf 85' lang='lat' dir='ltr'><strong>negaverit</strong></span> <span class='ocrx_word' id='word_1_125' title='bbox 984 2222 1057 2287; x_wconf 78' lang='lat' dir='ltr'><strong>sine</strong></span> <span class='ocrx_word' id='word_1_126' title='bbox 1084 2217 1237 2285; x_wconf 53' lang='lat' dir='ltr'><strong>temeri*</strong></span> 
     </span>
     <span class='ocr_line' id='line_1_18' title="bbox 135 2313 1243 2435; baseline -0.004 -31"><span class='ocrx_word' id='word_1_127' title='bbox 135 2345 205 2435; x_wconf 81' lang='lat' dir='ltr'><strong>tate</strong></span> <span class='ocrx_word' id='word_1_128' title='bbox 227 2359 334 2425; x_wconf 84' lang='lat' dir='ltr'><strong>posse</strong></span> <span class='ocrx_word' id='word_1_129' title='bbox 356 2337 467 2405; x_wconf 86' lang='lat' dir='ltr'><strong>Deum</strong></span> <span class='ocrx_word' id='word_1_130' title='bbox 486 2313 636 2404; x_wconf 76' lang='lat' dir='ltr'><strong>internae</strong></span> <span class='ocrx_word' id='word_1_131' title='bbox 659 2340 786 2424; x_wconf 81' lang='lat' dir='ltr'><strong>gratiae</strong></span> <span class='ocrx_word' id='word_1_132' title='bbox 808 2337 930 2405; x_wconf 84' lang='lat' dir='ltr'><strong>auxilio</strong></span> <span class='ocrx_word' id='word_1_133' title='bbox 952 2337 987 2405; x_wconf 93' lang='lat' dir='ltr'><strong>id</strong></span> <span class='ocrx_word' id='word_1_134' title='bbox 1010 2336 1152 2420; x_wconf 87' lang='lat' dir='ltr'><strong>efficere,</strong></span> <span class='ocrx_word' id='word_1_135' title='bbox 1168 2330 1243 2400; x_wconf 66' lang='lat'><strong>111</strong></span> 
     </span>
     <span class='ocr_line' id='line_1_19' title="bbox 136 2448 1246 2541; baseline -0.001 -20"><span class='ocrx_word' id='word_1_136' title='bbox 136 2458 233 2524; x_wconf 89' lang='lat' dir='ltr'><strong>homo</strong></span> <span class='ocrx_word' id='word_1_137' title='bbox 263 2448 362 2541; x_wconf 83' lang='lat' dir='ltr'><strong>etiam</strong></span> <span class='ocrx_word' id='word_1_138' title='bbox 384 2459 458 2523; x_wconf 81' lang='lat' dir='ltr'><strong>sine</strong></span> <span class='ocrx_word' id='word_1_139' title='bbox 487 2463 627 2523; x_wconf 85' lang='lat' dir='ltr'><strong>externo</strong></span> <span class='ocrx_word' id='word_1_140' title='bbox 656 2456 870 2525; x_wconf 79' lang='lat' dir='ltr'><strong>revelationis</strong></span> <span class='ocrx_word' id='word_1_141' title='bbox 896 2456 1062 2525; x_wconf 84' lang='lat' dir='ltr'><strong>beneficio</strong></span> <span class='ocrx_word' id='word_1_142' title='bbox 1092 2456 1134 2523; x_wconf 91' lang='lat' dir='ltr'><strong>ad</strong></span> <span class='ocrx_word' id='word_1_143' title='bbox 1151 2474 1246 2521; x_wconf 54' lang='lat' dir='ltr'><strong>ve*</strong></span> 
     </span>
     <span class='ocr_line' id='line_1_20' title="bbox 136 2574 1251 2663; baseline -0.002 -24"><span class='ocrx_word' id='word_1_144' title='bbox 136 2597 206 2640; x_wconf 88' lang='lat' dir='ltr'><strong>ram</strong></span> <span class='ocrx_word' id='word_1_145' title='bbox 228 2574 445 2661; x_wconf 85' lang='lat' dir='ltr'><strong>Theologiam</strong></span> <span class='ocrx_word' id='word_1_146' title='bbox 466 2574 650 2642; x_wconf 84' lang='lat' dir='ltr'><strong>naturalem</strong></span> <span class='ocrx_word' id='word_1_147' title='bbox 671 2574 868 2663; x_wconf 73' lang='lat' dir='ltr'><strong>perveniat?</strong></span> <span class='ocrx_word' id='word_1_148' title='bbox 888 2575 973 2642; x_wconf 87' lang='lat' dir='ltr'><strong>fllud</strong></span> <span class='ocrx_word' id='word_1_149' title='bbox 995 2581 1108 2643; x_wconf 83' lang='lat' dir='ltr'><strong>autem</strong></span> <span class='ocrx_word' id='word_1_150' title='bbox 1121 2576 1251 2642; x_wconf 70' lang='lat' dir='ltr'><strong>recte</strong></span> 
     </span>
     <span class='ocr_line' id='line_1_21' title="bbox 137 2692 1250 2782; baseline 0.002 -24"><span class='ocrx_word' id='word_1_151' title='bbox 137 2700 172 2758; x_wconf 87' lang='lat' dir='ltr'><strong>et</strong></span> <span class='ocrx_word' id='word_1_152' title='bbox 194 2692 237 2758; x_wconf 88' lang='lat' dir='ltr'><strong>ad</strong></span> <span class='ocrx_word' id='word_1_153' title='bbox 258 2695 365 2780; x_wconf 80' lang='lat' dir='ltr'><strong>ipsius</strong></span> <span class='ocrx_word' id='word_1_154' title='bbox 386 2694 436 2759; x_wconf 88' lang='lat' dir='ltr'><strong>rei</strong></span> <span class='ocrx_word' id='word_1_155' title='bbox 457 2698 607 2758; x_wconf 90' lang='lat' dir='ltr'><strong>naturam</strong></span> <span class='ocrx_word' id='word_1_156' title='bbox 630 2697 881 2764; x_wconf 90' lang='lat' dir='ltr'><strong>accommodate</strong></span> <span class='ocrx_word' id='word_1_157' title='bbox 911 2717 950 2764; x_wconf 89' lang='lat' dir='ltr'><strong>se</strong></span> <span class='ocrx_word' id='word_1_158' title='bbox 971 2694 1092 2779; x_wconf 86' lang='lat' dir='ltr'><strong>habet,</strong></span> <span class='ocrx_word' id='word_1_159' title='bbox 1124 2714 1175 2782; x_wconf 86' lang='lat' dir='ltr'><strong>qu</strong></span> <span class='ocrx_word' id='word_1_160' title='bbox 1202 2707 1250 2742; x_wconf 61' lang='grc' dir='ltr'><strong><em>θ</em></strong></span> 
     </span>
     <span class='ocr_line' id='line_1_22' title="bbox 136 2809 1186 2905; baseline 0.003 -30"><span class='ocrx_word' id='word_1_161' title='bbox 136 2811 333 2877; x_wconf 85' lang='lat' dir='ltr'><strong>Hermesius</strong></span> <span class='ocrx_word' id='word_1_162' title='bbox 365 2809 526 2905; x_wconf 82' lang='lat' dir='ltr'><strong>Theolog.</strong></span> <span class='ocrx_word' id='word_1_163' title='bbox 549 2810 706 2900; x_wconf 80' lang='lat' dir='ltr'><strong>Dogrnat.</strong></span> <span class='ocrx_word' id='word_1_164' title='bbox 728 2814 749 2880; x_wconf 89' lang='lat' dir='ltr'><strong>l.</strong></span> <span class='ocrx_word' id='word_1_165' title='bbox 774 2837 803 2882; x_wconf 85' lang='lat' dir='ltr'><strong>c.</strong></span> <span class='ocrx_word' id='word_1_166' title='bbox 826 2814 976 2903; x_wconf 85' lang='lat' dir='ltr'><strong>adiungit</strong></span> <span class='ocrx_word' id='word_1_167' title='bbox 1005 2811 1060 2880; x_wconf 83' lang='lat' dir='ltr'><strong>his</strong></span> <span class='ocrx_word' id='word_1_168' title='bbox 1082 2811 1186 2880; x_wconf 78' lang='lat' dir='ltr'><strong>verbis</strong></span> 
     </span>
     <span class='ocr_line' id='line_1_23' title="bbox 122 2910 1185 3014; baseline 0.004 -21"><span class='ocrx_word' id='word_1_169' title='bbox 122 2910 300 3013; x_wconf 60' lang='lat' dir='ltr'><strong>&#39;„lnterior‘</strong></span> <span class='ocrx_word' id='word_1_170' title='bbox 333 2931 437 3014; x_wconf 81' lang='lat' dir='ltr'><strong>gratia</strong></span> <span class='ocrx_word' id='word_1_171' title='bbox 470 2929 656 2998; x_wconf 80' lang='lat' dir='ltr'><strong>illuminans</strong></span> <span class='ocrx_word' id='word_1_172' title='bbox 687 2939 723 2999; x_wconf 89' lang='lat' dir='ltr'><strong>et</strong></span> <span class='ocrx_word' id='word_1_173' title='bbox 750 2934 920 3000; x_wconf 81' lang='lat' dir='ltr'><strong>excitaus&#39;</strong></span> <span class='ocrx_word' id='word_1_174' title='bbox 934 2930 1102 2999; x_wconf 86' lang='lat' dir='ltr'><strong>hominem</strong></span> <span class='ocrx_word' id='word_1_175' title='bbox 1132 2950 1185 2998; x_wconf 85' lang='lat' dir='ltr'><strong>san</strong></span> 
     </span>
     <span class='ocr_line' id='line_1_24' title="bbox 134 3044 1185 3139; baseline 0.005 -28"><span class='ocrx_word' id='word_1_176' title='bbox 134 3054 227 3114; x_wconf 90' lang='lat' dir='ltr'><strong>tanto</strong></span> <span class='ocrx_word' id='word_1_177' title='bbox 252 3044 422 3113; x_wconf 82' lang='lat' dir='ltr'><strong>efficacior</strong></span> <span class='ocrx_word' id='word_1_178' title='bbox 443 3069 522 3113; x_wconf 84' lang='lat' dir='ltr'><strong>osse</strong></span> <span class='ocrx_word' id='word_1_179' title='bbox 546 3049 695 3135; x_wconf 84' lang='lat' dir='ltr'><strong>debebit,</strong></span> <span class='ocrx_word' id='word_1_180' title='bbox 724 3057 850 3139; x_wconf 84' lang='lat' dir='ltr'><strong>quanto</strong></span> <span class='ocrx_word' id='word_1_181' title='bbox 872 3052 979 3138; x_wconf 86' lang='lat' dir='ltr'><strong>magis</strong></span> <span class='ocrx_word' id='word_1_182' title='bbox 1000 3048 1055 3118; x_wconf 92' lang='lat' dir='ltr'><strong>ille</strong></span> <span class='ocrx_word' id='word_1_183' title='bbox 1079 3057 1185 3117; x_wconf 82' lang='lat' dir='ltr'><strong>extem</strong></span> 
     </span>
     <span class='ocr_line' id='line_1_25' title="bbox 135 3159 1184 3265; baseline 0.007 -36"><span class='ocrx_word' id='word_1_184' title='bbox 135 3166 354 3231; x_wconf 86' lang='lat' dir='ltr'><strong>iustitutionis</strong></span> <span class='ocrx_word' id='word_1_185' title='bbox 383 3159 489 3251; x_wconf 80' lang='lat' dir='ltr'><strong>gratia</strong></span> <span class='ocrx_word' id='word_1_186' title='bbox 521 3167 705 3265; x_wconf 80' lang='lat' dir='ltr'><strong>destitutus</strong></span> <span class='ocrx_word' id='word_1_187' title='bbox 732 3172 821 3235; x_wconf 80' lang='lat' dir='ltr'><strong>est“</strong></span> <span class='ocrx_word' id='word_1_188' title='bbox 878 3170 943 3236; x_wconf 87' lang='lat' dir='ltr'><strong>His</strong></span> <span class='ocrx_word' id='word_1_189' title='bbox 974 3162 1152 3258; x_wconf 80' lang='lat' dir='ltr'><strong>perpensis</strong></span> <span class='ocrx_word' id='word_1_190' title='bbox 1181 3194 1184 3204; x_wconf 90' lang='lat'><strong>·</strong></span> 
     </span>
     <span class='ocr_line' id='line_1_26' title="bbox 135 3283 1180 3373; baseline 0.007 -28"><span class='ocrx_word' id='word_1_191' title='bbox 135 3283 222 3347; x_wconf 81' lang='lat' dir='ltr'><strong>inter</strong></span> <span class='ocrx_word' id='word_1_192' title='bbox 254 3303 293 3346; x_wconf 85' lang='lat' dir='ltr'><strong>se</strong></span> <span class='ocrx_word' id='word_1_193' title='bbox 327 3285 528 3369; x_wconf 85' lang='lat' dir='ltr'><strong>comparatis</strong></span> <span class='ocrx_word' id='word_1_194' title='bbox 560 3284 640 3350; x_wconf 87' lang='lat' dir='ltr'><strong>uilril</strong></span> <span class='ocrx_word' id='word_1_195' title='bbox 671 3286 812 3373; x_wconf 80' lang='lat' dir='ltr'><strong>amplius</strong></span> <span class='ocrx_word' id='word_1_196' title='bbox 847 3286 1041 3355; x_wconf 82' lang='lat' dir='ltr'><strong>offensionis</strong></span> <span class='ocrx_word' id='word_1_197' title='bbox 1077 3286 1180 3356; x_wconf 76' lang='lat' dir='ltr'><strong>habel)</strong></span> 
     </span>
     <span class='ocr_line' id='line_1_27' title="bbox 136 3399 1236 3496; baseline 0.009 -30"><span class='ocrx_word' id='word_1_198' title='bbox 136 3403 235 3467; x_wconf 88' lang='lat' dir='ltr'><strong>etiam</strong></span> <span class='ocrx_word' id='word_1_199' title='bbox 256 3400 311 3467; x_wconf 94' lang='lat' dir='ltr'><strong>ille</strong></span> <span class='ocrx_word' id='word_1_200' title='bbox 332 3399 446 3484; x_wconf 75' lang='lat' dir='ltr'><strong>loono,</strong></span> <span class='ocrx_word' id='word_1_201' title='bbox 478 3404 536 3488; x_wconf 89' lang='lat' dir='ltr'><strong>qui</strong></span> <span class='ocrx_word' id='word_1_202' title='bbox 559 3408 653 3468; x_wconf 86' lang='lat' dir='ltr'><strong>extat</strong></span> <span class='ocrx_word' id='word_1_203' title='bbox 674 3404 708 3468; x_wconf 90' lang='lat' dir='ltr'><strong>in</strong></span> <span class='ocrx_word' id='word_1_204' title='bbox 728 3401 852 3472; x_wconf 89' lang='lat' dir='ltr'><strong>Introd.</strong></span> <span class='ocrx_word' id='word_1_205' title='bbox 875 3405 999 3472; x_wconf 82' lang='lat' dir='ltr'><strong>Philus.</strong></span> <span class='ocrx_word' id='word_1_206' title='bbox 1024 3404 1052 3496; x_wconf 80' lang='lat'><strong>§</strong></span> <span class='ocrx_word' id='word_1_207' title='bbox 1077 3410 1130 3475; x_wconf 73' lang='lat'><strong>73</strong></span> <span class='ocrx_word' id='word_1_208' title='bbox 1173 3434 1176 3463; x_wconf 70' lang='grc' dir='ltr'>ι</span> <span class='ocrx_word' id='word_1_209' title='bbox 1235 3427 1236 3432; x_wconf 74' lang='grc'>’</span> 
     </span>
     <span class='ocr_line' id='line_1_28' title="bbox 134 3492 1172 3613; baseline 0.005 -30"><span class='ocrx_word' id='word_1_210' title='bbox 134 3537 222 3583; x_wconf 89' lang='lat' dir='ltr'><strong>num.</strong></span> <span class='ocrx_word' id='word_1_211' title='bbox 253 3520 288 3581; x_wconf 91' lang='lat' dir='ltr'><strong>l:</strong></span> <span class='ocrx_word' id='word_1_212' title='bbox 324 3492 429 3599; x_wconf 64' lang='lat' dir='ltr'><strong>&#39;{‚Hic</strong></span> <span class='ocrx_word' id='word_1_213' title='bbox 458 3524 623 3586; x_wconf 82' lang='lat' dir='ltr'><strong>tractatus</strong></span> <span class='ocrx_word' id='word_1_214' title='bbox 658 3521 866 3609; x_wconf 83' lang='lat' dir='ltr'><strong>demonstrat</strong></span> <span class='ocrx_word' id='word_1_215' title='bbox 894 3523 993 3591; x_wconf 86' lang='lat' dir='ltr'><strong>nobis</strong></span> <span class='ocrx_word' id='word_1_216' title='bbox 1021 3548 1128 3613; x_wconf 82' lang='lat' dir='ltr'><strong>posse</strong></span> <span class='ocrx_word' id='word_1_217' title='bbox 1153 3524 1172 3590; x_wconf 84' lang='lat' dir='ltr'><strong>lr</strong></span> 
     </span>
    </p>

    <p class='ocr_par' dir='ltr' id='par_1_5' title="bbox 65 3636 1257 4199">
     <span class='ocr_line' id='line_1_29' title="bbox 65 3636 1257 3729; baseline 0.011 -30"><span class='ocrx_word' id='word_1_218' title='bbox 65 3672 69 3681; x_wconf 92' lang='lat'>·</span> <span class='ocrx_word' id='word_1_219' title='bbox 134 3655 263 3702; x_wconf 89' lang='lat' dir='ltr'><strong>mauam</strong></span> <span class='ocrx_word' id='word_1_220' title='bbox 291 3636 452 3701; x_wconf 89' lang='lat' dir='ltr'><strong>rationem</strong></span> <span class='ocrx_word' id='word_1_221' title='bbox 479 3639 552 3703; x_wconf 85' lang='lat' dir='ltr'><strong>sine</strong></span> <span class='ocrx_word' id='word_1_222' title='bbox 586 3639 790 3707; x_wconf 83' lang='lat' dir='ltr'><strong>revelatione</strong></span> <span class='ocrx_word' id='word_1_223' title='bbox 821 3643 1064 3729; x_wconf 82' lang='lat' dir='ltr'><strong>supernaturali</strong></span> <span class='ocrx_word' id='word_1_224' title='bbox 1090 3644 1176 3711; x_wconf 86' lang='lat' dir='ltr'><strong>inll</strong></span> <span class='ocrx_word' id='word_1_225' title='bbox 1217 3654 1257 3690; x_wconf 75' lang='lat'>⁵</span> 
     </span>
     <span class='ocr_line' id='line_1_30' title="bbox 136 3754 1257 3847; baseline 0.014 -30"><span class='ocrx_word' id='word_1_226' title='bbox 136 3754 327 3841; x_wconf 82' lang='lat' dir='ltr'><strong>cognitione</strong></span> <span class='ocrx_word' id='word_1_227' title='bbox 350 3776 460 3842; x_wconf 89' lang='lat' dir='ltr'><strong>usque</strong></span> <span class='ocrx_word' id='word_1_228' title='bbox 483 3778 524 3822; x_wconf 91' lang='lat' dir='ltr'><strong>eo</strong></span> <span class='ocrx_word' id='word_1_229' title='bbox 539 3759 724 3845; x_wconf 83' lang='lat' dir='ltr'><strong>pervenire,</strong></span> <span class='ocrx_word' id='word_1_230' title='bbox 747 3781 816 3847; x_wconf 88' lang='lat' dir='ltr'><strong>quo</strong></span> <span class='ocrx_word' id='word_1_231' title='bbox 837 3763 1067 3830; x_wconf 78' lang='lat' dir='ltr'><strong>necessarium</strong></span> <span class='ocrx_word' id='word_1_232' title='bbox 1090 3770 1154 3847; x_wconf 83' lang='lat' dir='ltr'><strong>eet,</strong></span> <span class='ocrx_word' id='word_1_233' title='bbox 1172 3770 1257 3821; x_wconf 67' lang='grc' dir='ltr'><strong>ι]</strong></span> 
     </span>
     <span class='ocr_line' id='line_1_31' title="bbox 133 3870 1255 3968; baseline 0.008 -32"><span class='ocrx_word' id='word_1_234' title='bbox 133 3870 233 3937; x_wconf 85' lang='lat' dir='ltr'><strong>horno</strong></span> <span class='ocrx_word' id='word_1_235' title='bbox 255 3872 359 3936; x_wconf 87' lang='lat' dir='ltr'><strong>vitam</strong></span> <span class='ocrx_word' id='word_1_236' title='bbox 381 3880 460 3959; x_wconf 82' lang='lat' dir='ltr'><strong>agat</strong></span> <span class='ocrx_word' id='word_1_237' title='bbox 482 3896 595 3940; x_wconf 85' lang='lat' dir='ltr'><strong>coram</strong></span> <span class='ocrx_word' id='word_1_238' title='bbox 616 3876 692 3944; x_wconf 87' lang='lat' dir='ltr'><strong>Deo</strong></span> <span class='ocrx_word' id='word_1_239' title='bbox 717 3879 848 3965; x_wconf 80' lang='lat' dir='ltr'><strong>diguam</strong></span> <span class='ocrx_word' id='word_1_240' title='bbox 871 3885 906 3945; x_wconf 92' lang='lat' dir='ltr'><strong>et</strong></span> <span class='ocrx_word' id='word_1_241' title='bbox 926 3879 1005 3945; x_wconf 91' lang='lat' dir='ltr'><strong>huic</strong></span> <span class='ocrx_word' id='word_1_242' title='bbox 1027 3881 1255 3968; x_wconf 65' lang='lat' dir='ltr'><strong>probaton</strong></span> 
     </span>
     <span class='ocr_line' id='line_1_32' title="bbox 134 3991 1253 4084; baseline 0.009 -30"><span class='ocrx_word' id='word_1_243' title='bbox 134 3995 237 4076; x_wconf 84' lang='lat' dir='ltr'><strong>atque</strong></span> <span class='ocrx_word' id='word_1_244' title='bbox 258 3996 295 4055; x_wconf 88' lang='lat' dir='ltr'><strong>ut</strong></span> <span class='ocrx_word' id='word_1_245' title='bbox 316 3992 382 4058; x_wconf 86' lang='lat' dir='ltr'><strong>isto</strong></span> <span class='ocrx_word' id='word_1_246' title='bbox 405 3991 504 4057; x_wconf 91' lang='lat' dir='ltr'><strong>modo</strong></span> <span class='ocrx_word' id='word_1_247' title='bbox 528 3996 616 4059; x_wconf 88' lang='lat' dir='ltr'><strong>etin</strong></span> <span class='ocrx_word' id='word_1_248' title='bbox 639 3994 703 4060; x_wconf 93' lang='lat' dir='ltr'><strong>hac</strong></span> <span class='ocrx_word' id='word_1_249' title='bbox 724 4003 813 4062; x_wconf 87' lang='lat' dir='ltr'><strong>terra</strong></span> <span class='ocrx_word' id='word_1_250' title='bbox 836 4002 871 4064; x_wconf 89' lang='lat' dir='ltr'><strong>et</strong></span> <span class='ocrx_word' id='word_1_251' title='bbox 892 4003 972 4084; x_wconf 88' lang='lat' dir='ltr'><strong>post</strong></span> <span class='ocrx_word' id='word_1_252' title='bbox 993 4007 1134 4067; x_wconf 88' lang='lat' dir='ltr'><strong>mortem</strong></span> <span class='ocrx_word' id='word_1_253' title='bbox 1154 3996 1253 4063; x_wconf 75' lang='lat' dir='ltr'><strong>be·</strong></span> 
     </span>
     <span class='ocr_line' id='line_1_33' title="bbox 133 4107 1238 4199; baseline 0.01 -29"><span class='ocrx_word' id='word_1_254' title='bbox 133 4110 188 4171; x_wconf 87' lang='lat' dir='ltr'><strong>ate</strong></span> <span class='ocrx_word' id='word_1_255' title='bbox 209 4110 336 4175; x_wconf 67' lang='lat' dir='ltr'><strong>vivam</strong></span> <span class='ocrx_word' id='word_1_256' title='bbox 379 4107 546 4176; x_wconf 85' lang='lat' dir='ltr'><strong>Videlicet</strong></span> <span class='ocrx_word' id='word_1_257' title='bbox 568 4113 659 4199; x_wconf 88' lang='lat' dir='ltr'><strong>quod</strong></span> <span class='ocrx_word' id='word_1_258' title='bbox 676 4114 872 4194; x_wconf 83' lang='lat' dir='ltr'><strong>Hermeeius</strong></span> <span class='ocrx_word' id='word_1_259' title='bbox 895 4116 960 4182; x_wconf 86' lang='lat' dir='ltr'><strong>ait:</strong></span> <span class='ocrx_word' id='word_1_260' title='bbox 984 4118 1079 4187; x_wconf 77' lang='lat' dir='ltr'><strong>aine</strong></span> <span class='ocrx_word' id='word_1_261' title='bbox 1100 4120 1238 4187; x_wconf 71' lang='lat' dir='ltr'><strong>reve</strong></span> 
     </span>
    </p>
   </div>
   <div class='ocr_carea' id='block_1_5' title="bbox 0 0 1263 4788">
    <p class='ocr_par' dir='ltr' id='par_1_6' title="bbox 0 0 1263 4788">
     <span class='ocr_line' id='line_1_34' title="bbox 0 0 1263 4788; baseline 0 0"><span class='ocrx_word' id='word_1_262' title='bbox 0 0 1263 4788; x_wconf 95' lang='lat' dir='ltr'><strong> </strong></span> 
     </span>
    </p>
   </div>
  </div>
 </body>
</html>
