2514 4792
530 224 585 291 78

75 430 193 481 anon
223 406 420 477 exscribere
448 406 575 495 locum,
611 429 711 498 quem
745 428 791 479 ex
825 411 1090 497 ingenioslashuo

75 528 160 599 hate
180 508 247 597 nu
268 525 380 597 (inat
405 533 550 595 sumtum
575 526 770 615 Episcopus
796 528 1092 616 Argentoratensis

75 650 179 733 ΗΒ
203 648 345 735 opponit
370 645 564 713 Bautaenio.
606 645 723 712 Locus
754 646 801 713 ita
827 652 943 715 sonat:
985 652 1092 736 „Non

75 784 191 851 mas,
220 786 310 855 quae
336 764 502 833 credimus
523 801 565 815 -
585 760 732 849 loquitm
753 763 796 831 de
816 762 882 833 fide
903 767 1015 835 divina
1032 792 1092 839 -e

79 886 127 955 si
141 883 250 961 hene
272 883 440 969 cognita
458 877 655 948 hahemus
676 888 916 968 argumenta
938 886 1092 976 Religi-

75 997 140 1087 ἱι,··
165 1000 281 1071 clare
307 998 491 1068 videmus
519 1001 736 1084 oportere,
767 1004 811 1067 nt
836 1020 923 1069 cam
949 1006 1092 1075 creda·

75 1118 169 1209 η’)
190 1120 289 1187 Tum
323 1121 448 1185 recta
473 1117 582 1182 ratio
619 1114 740 1184 ducit
770 1116 821 1184 ad
848 1118 1094 1192 Revelatio-

75 1252 129 1323 tm,
159 1238 281 1307 cuius
307 1240 351 1304 et
373 1234 683 1331 necessitatem
708 1235 845 1321 aperit
871 1243 915 1304 et
941 1245 1093 1309 securi-

75 1354 151 1423 nem
180 1342 544 1442 (certitudinem).'
576 1350 701 1419 Ratio
737 1351 938 1422 hominem
973 1361 1096 1446 quasi

75 1488 143 1541 ,aaa
159 1468 440 1563 apprehendit
467 1488 636 1556 eumque
664 1471 900 1541 introducit
919 1475 959 1543 in
979 1496 1096 1545 sanc·

75 1592 210 1676 tarium,
231 1592 327 1679 ipsa
347 1608 445 1657 sese
467 1588 654 1654 retinens
673 1588 950 1658 investibulo.
991 1592 1096 1663 linc-

78 1731 154 1799 que
180 1710 291 1777 ratio
320 1708 359 1773 ei
390 1704 595 1793 loquitur:
630 1711 810 1795 postquam
830 1715 942 1779 autem
961 1712 1098 1782 tradidit

75 1851 102 1897 m
124 1827 311 1917 Religioni,
342 1825 418 1915 ipsa
449 1822 674 1891 tantummodo
705 1824 884 1907 admiratur
915 1837 1097 1920 servatque

75 1950 201 2017 entium.
241 1944 346 2029 Audi,
372 1943 479 2030 inquit
500 1944 543 2024 ei,
570 1939 768 2026 Magistrum
794 1964 848 2009 me
876 1948 1097 2034 superiorem

75 2086 135 2133 em
152 2069 193 2131 ut
214 2062 328 2143 audias
354 2080 455 2127 unum
480 2080 591 2146 neque
612 2079 665 2125 mc
687 2058 828 2147 amplius
850 2061 1026 2149 consulas,
1054 2066 1100 2132 nd

75 2178 311 2251 suenum-uui
330 2177 544 2269 praescrihor
578 2180 625 2244 ita
645 2176 684 2244 fit
702 2199 789 2246 meo
816 2178 955 2265 iussu,
985 2186 1027 2248 -ut
1045 2203 1100 2251 me

75 2298 255 2388 relinquas,
293 2302 329 2365 et
354 2318 442 2363 mea
475 2293 548 2361 lux
581 2300 662 2380 est,
696 2317 801 2383 quac
832 2295 883 2363 ad
914 2297 1033 2367 aliam
1058 2306 1099 2371 te

82 2420 152 2487 cit.
191 2416 360 2507 Equidem
385 2416 452 2481 fas
482 2420 548 2482 est
574 2419 618 2481 ut
643 2415 790 2497 seiam,
820 2416 934 2485 sitne
962 2402 1099 2506 lleus,

80 2540 95 2627 i
116 2558 194 2607 sua
213 2535 337 2604 nohis
358 2533 520 2601 revelet
542 2531 723 2600 consilia
744 2540 868 2621 atque
889 2540 1102 2625 mysteria,

75 2661 259 2748 penetrum
281 2659 317 2722 et
337 2650 618 2740 comprehendere
640 2654 749 2718 omnia
769 2651 873 2737 velle,
895 2676 982 2742 quae
1002 2658 1102 2727 nobis

75 2774 170 2859 slat,
194 2774 336 2849 ,insama
367 2771 455 2836 foret
460 2815 533 2835 .....
586 2768 750 2856 Apertum
777 2775 848 2855 est,
884 2774 915 2838 si
944 2776 1104 2843 rationi

78 2900 426 2985 temperaremus,
447 2886 547 2955 fidem
566 2885 665 2970 illam,
688 2907 755 2975 qua
776 2888 955 2955 creduntur
975 2898 1102 2979 myste-

94 3008 154 3079 vel
173 3011 316 3077 maxime
344 3003 706 3093 incomprehensibilia,
738 3025 805 3071 non
825 3006 924 3072 modo
945 3006 1025 3073 nihil
1045 3009 1103 3075 ha·
1125 3066 1129 3073 ,

75 3152 172 3198 uram
191 3149 282 3212 esse,
305 3126 397 3217 quod
418 3124 619 3205 offenderet,
646 3123 710 3189 sed
730 3126 839 3210 ipsam
860 3145 974 3191 eorum
994 3124 1103 3192 altitu-

75 3246 141 3319 rem
167 3243 338 3335 peculiare
360 3243 528 3333 quoddam
549 3242 731 3311 divnitatis
758 3242 889 3329 signum
914 3242 1006 3328 fore,
1026 3264 1103 3333 pro-

75 3443 235 3460 ...uun—u-

116 3572 150 3620 ut
166 3567 227 3639 ipsa
243 3564 327 3617 rerba·
343 3566 498 3616 declarantz
531 3564 619 3625 „dont
635 3562 663 3614 la
680 3562 763 3614 verite
784 3579 823 3614 nc
842 3568 926 3632 peut
946 3561 1016 3616 dtre
1034 3581 1104 3615 con·
1191 3538 1218 3585 '⁵

115 3653 225 3705 testc'a
250 3654 288 3704 de
312 3648 533 3710 honneioi,“
563 3647 718 3699 etdeinde=
750 3647 794 3707 „il
810 3647 883 3699 faut
899 3649 979 3716 qu'ils
997 3666 1026 3701 se
1045 3667 1104 3702 sou·

116 3741 241 3799 meulent,
260 3757 295 3790 ou
313 3739 394 3807 qn’ils
411 3741 558 3788 renonceut
574 3739 590 3787 h
607 3734 642 3785 la
659 3733 845 3794 sincerite,
863 3738 879 3784 ia
896 3735 924 3786 la
941 3735 1064 3786 raison.⁴‘

77 3842 92 3911 )
119 3836 190 3900 „On
212 3842 286 3891 voit
307 3841 527 3897 clairemcnt,
556 3837 624 3907 qn'il
647 3835 720 3886 saut
740 3835 768 3885 la
786 3837 906 3886 croire.“
941 3835 1000 3887 Non
1016 3839 1105 3889 minus

115 3916 210 3994 igitur
222 3924 335 3979 Guotius
358 3925 494 3977 contendit
515 3922 642 3973 credendi
661 3921 909 3973 necessitatem
933 3925 1104 3982 moralem,

118 4011 230 4082 eiusque
249 4015 371 4084 claram
387 4007 666 4077 intelligentiam
683 4004 820 4077 proficisci
836 4008 875 4057 ait
891 4023 923 4058 cx
939 4024 1105 4076 argumen-

120 4096 233 4150 torum
251 4094 553 4160 consideratione,
572 4109 603 4146 ex
620 4079 923 4147 demonstratione.
