2514 4792
584 260 614 321 V

161 440 307 518 Accidit
338 448 472 543 autem,
508 456 546 518 ut
576 444 805 542 Hermesius,
850 472 927 521 meu
961 452 1131 525 sententia

53 566 363 657 innocentissimus
394 588 430 653 et
463 579 615 655 maxime
654 577 870 658 orthodoxus
901 581 1127 680 'l'beologiae

56 714 205 810 Doctor,
232 710 408 789 nonnullis
426 717 462 789 in
482 711 672 792 Germania
699 718 788 790 viris
814 714 995 793 offensioni
1021 728 1128 795 esset.

54 847 260 924 Extiterunt
272 861 355 946 post
373 838 522 927 mortem
547 846 738 947 Hermesii,
766 855 823 949 qui
849 849 985 927 libellis
1010 858 1128 927 maxi-

54 1007 148 1058 mam
172 991 310 1082 partem
342 986 436 1083 sine
466 990 694 1061 nominoio
719 984 834 1063 lucem
862 985 967 1062 editis
993 986 1128 1064 doctri·
1171 1082 1175 1089 Ι

54 1144 136 1196 nam
160 1102 430 1194 Hermeslanam
456 1121 715 1220 impugnarent,
751 1124 810 1220 qui
836 1118 987 1197 alienam
1013 1151 1034 1198 a
1059 1122 1129 1199 ilde

55 1254 179 1328 divina
210 1254 383 1353 dicerent,
416 1255 477 1353 qui
510 1257 581 1331 ima
611 1254 793 1356 religionis
825 1255 1020 1334 catholicae
1045 1258 1128 1334 fun-

59 1389 220 1481 damenta
253 1416 316 1490 per
341 1414 421 1466 eam
447 1396 561 1466 everti
587 1391 852 1493 contenderent,
885 1398 943 1493 qui
975 1391 1134 1469 dumosi-¹

56 1527 125 1601 mis
156 1527 277 1600 verbis
307 1534 345 1600 et
374 1524 574 1602 incredibili
606 1551 684 1605 oum
718 1528 863 1621 levitate
901 1529 1127 1606 Hermesium

53 1661 380 1761 Hermesianosque
398 1659 658 1762 Rationalismi,
684 1663 950 1764 Pelagianisrni,
977 1664 1128 1743 aliorum

53 1823 214 1876 errorum
247 1807 444 1873 sectatores
474 1802 702 1874 nominarent.
756 1801 874 1876 Ferre
901 1811 1128 1898 tumgraves

17 1922 20 1931 ¹
53 1938 297 2011 accusationes
329 1956 398 2008 non
422 1940 583 2027 poterant
607 1933 849 2033 Hermesiani,
880 1908 949 2010 nisi
980 1946 1016 2008 et
1046 1938 1127 2032 pie·

55 2076 165 2143 tatem
199 2066 382 2143 laederent
420 2091 505 2165 erga
545 2070 821 2169 praeceptorem
863 2072 1048 2167 eximium,
1091 2076 1128 2143 et

58 2207 156 2277 taciti
199 2202 439 2280 confiterentur
476 2228 517 2278 se
561 2207 661 2304 ipsos
702 2229 830 2279 revera
870 2194 1127 2280 adhaerescere

54 2340 248 2439 erroribus,
275 2340 439 2438 aquibus
456 2348 530 2417 toto
545 2345 670 2415 animo
697 2341 946 2441 abhorrebant.
999 2338 1126 2415 Error*
1176 2380 1179 2385 ·
1239 2329 1243 2334 ’

52 2486 128 2551 tum
145 2486 201 2549 est
223 2473 361 2551 bellum
378 2478 465 2551 satis
481 2476 683 2553 vehemens.
737 2477 1009 2577 Responderunt
1025 2476 1125 2550 Her-

52 2614 213 2708 mesiani,
238 2621 276 2686 et
300 2610 472 2687 interdum
499 2583 673 2709 acerbius,
701 2635 803 2710 quam
820 2636 884 2712 par
902 2623 986 2686 erat.
1032 2607 1127 2684 'l'ela

54 2746 229 2822 adversus
261 2747 488 2823 Hermesium
520 2759 557 2823 et
590 2751 755 2845 seipsos
789 2751 881 2823 iacta
908 2743 1127 2845 depulerunt,

55 2883 239 2958 Hermesii
277 2881 389 2957 libros
404 2880 601 2982 ‘plerisque
616 2881 725 2958 ,locis
759 2906 944 2980 perperam
976 2880 1127 2978 intelligi
1158 2970 1164 2977 ⁵

57 3026 97 3091 et
119 3016 319 3117 detorqueri
344 3016 625 3093 luculentissime
652 3018 941 3116 demonstrarunt,
969 3021 1127 3116 pernici-

56 3156 241 3230 osissimas
256 3155 460 3253 opiniones,
488 3152 615 3251 quibus
639 3150 694 3225 illi
713 3151 887 3228 dixissent
902 3152 1138 3231 Hermesium·

55 3288 382 3387 Hermeaiaoosque
407 3285 567 3363 addictos
593 3311 687 3384 esse,
714 3289 1035 3387 neque'Hermesio
1061 3310 1128 3359 ne-

59 3446 128 3522 que
151 3422 395 3498 Hermesianis
421 3446 570 3522 unquam
596 3427 631 3498 in
657 3436 809 3499 mentem
834 3421 977 3499 venisse
1005 3416 1129 3497 ostea-

56 3552 201 3655 derunt,
241 3558 393 3659 denique
425 3562 462 3634 in
501 3566 617 3635 castra
650 3530 934 3637 adversariorum
968 3548 1132 3658 penetra-

54 3704 156 3792 runt,
189 3702 227 3768 et
252 3704 409 3793 apertum
435 3695 595 3771 lecerunt
619 3694 666 3767 ab
692 3694 746 3769 bis
772 3696 862 3793 ipsis
888 3718 1029 3769 errores
1049 3682 1133 3769 ¹roa·
1233 3678 1236 3685 ’

54 3835 195 3930 ximos,
239 3832 359 3903 intimo
406 3828 660 3921 Delamennaei
699 3852 742 3903 ac
782 3828 968 3904 Bautaenii
1009 3832 1132 3925 spiritu
1162 3921 1165 3927 1

56 3965 229 4063 infectos,
268 3962 434 4040 audacter
466 3965 637 4040 venditari
672 3988 735 4064 pro
763 3942 918 4039 doctr-ida
946 3962 1130 4037 catholica.

60 4096 274 4177 (lontinuato
300 4124 364 4198 per
391 4106 539 4197 quatuor
564 4100 642 4175 fere
668 4123 776 4176 annos
804 4089 1003 4196 certamine,
1032 4098 1133 4173 cuius
1206 4190 1208 4194 Ι
