2514 4792
562 324 640 390 111

49 500 156 569 fectu
178 510 363 573 commotus
384 506 428 575 ad
447 502 550 577 llelar.
574 512 624 576 11
644 509 693 593 ita
713 490 813 578 tidem
831 508 1004 598 describit,
1024 518 1062 581 ιιι
1074 526 1135 603 per

55 640 140 687 eam
160 628 318 713 tauquam
346 631 540 694 remotam
565 648 628 697 seu
654 627 919 715 mediantem,
952 636 988 699 et
1011 633 1132 702 unice

53 738 306 809 mediantem
327 764 462 811 causam
477 744 640 813 efficiatur
652 744 754 815 salus.
777 749 865 835 (pag.
875 750 1003 836 176).“
1046 748 1134 823 Gon·

56 856 171 927 cludit
198 862 396 929 Hermesius
422 859 498 952 pag.
521 866 701 932 172-8ι
736 886 837 955 quum
863 866 1025 935 adversus
1045 868 1133 939 hunc

55 976 175 1063 tidem,
196 1001 262 1067 qua
284 986 320 1049 et
341 980 506 1049 credimus
526 983 635 1049 Deum
656 1004 778 1073 resque
799 985 940 1069 divinas,
973 996 1009 1057 et
1028 987 1134 1057 libero

57 1101 209 1165 mentem
229 1104 378 1166 nostram
398 1098 442 1167 ad
463 1098 638 1167 invisibilia
659 1086 894 1191 convertimus,
921 1090 1159 1213 vehementer⁸

58 1212 247 1284 reluctetur
269 1206 555 1306 concupiscentia3
586 1220 716 1288 omnino
744 1224 860 1293 mirum
883 1245 950 1292 uon
977 1208 1072 1311 esse,
1104 1229 1136 1297 si

58 1335 192 1423 gratiae
212 1336 473 1424 supernaturalis
492 1344 640 1410 internae
661 1340 817 1445 auxilium
830 1342 952 1411 homini
969 1365 1135 1449 necessa

60 1456 149 1521 rium
174 1456 236 1540 sit,
265 1460 303 1524 ut
323 1454 422 1525 fidem
446 1454 534 1527 illam
560 1465 596 1528 et
616 1438 789 1549 suscipere
818 1468 853 1529 et
880 1442 1081 1563 conservare
1100 1470 1137 1533 et

60 1587 188 1661 augere
219 1580 321 1664 atque
351 1574 512 1664 perticere
541 1581 660 1668 possit
708 1574 816 1663 erod
845 1583 904 1671 qui
928 1556 1136 1691 consideret,

61 1696 275 1787 fidemque
310 1696 444 1767 vivam
475 1716 537 1765 seu
573 1698 797 1769 efficacem
827 1721 848 1767 a
879 1680 1042 1777 mortda
1073 1722 1136 1769 scu

60 1818 256 1907 passiva,
287 1813 388 1903 (quae
416 1812 533 1883 eadem
560 1812 680 1885 dicitur
707 1817 819 1919 fides
847 1798 1135 1950 cognitionum)

61 1933 173 2025 probe
195 1914 375 2017 discernat,
411 1934 512 2018 „eum
533 1908 746 2022 argumentis,
769 1956 857 2024 quae
878 1920 1136 2025 bemrpelagraur

56 2050 189 2123 'ext
130 2059 189 2122 nat
190 2076 248 2122 ιιιιι
268 2052 488 2121 humanat
429 2074 472 2140 pe
474 2052 585 2121 tierint
598 2052 642 2121 ad
656 2050 809 2123 demonst
795 2054 958 2139 trandum,
980 2058 1137 2167 originem

62 2176 143 2243 fidei
162 2176 284 2242 innatis
304 2171 471 2239 hominum
490 2138 617 2241 viribus
643 2171 849 2243 tribuendam
880 2194 978 2261 esse,
1007 2162 1153 2253 minine

63 2297 208 2363 omnium
236 2292 447 2361 adductum
437 2294 493 2378 rri,
524 2294 593 2361 ιιι·
583 2292 668 2381 ipsis
698 2294 917 2393 assentiatur,
948 2274 1050 2381 atque
1070 2268 1137 2379 lro'd¹

62 2414 164 2481 niodo
190 2414 330 2501 primum
355 2410 446 2479 illum
472 2418 583 2480 actum
603 2408 792 2496 salutarem,
822 2411 983 2479 initium
1002 2392 1136 2551 fidei,
1245 2490 1248 2495 ¹

63 2532 110 2601 de
141 2531 319 2599 effectibus
347 2531 475 2620 gratiae
500 2526 775 2631 supernaturalis
793 2531 943 2599 internae
977 2508 1135 2631 excipiat

10 2702 17 2716 .
58 2638 155 2741 (pag.
178 2651 281 2736 178).
283 2650 306 2691 “
349 2648 537 2739 Subiungit
547 2648 742 2719 Hermc'sius
765 2648 808 2717 ad
823 2646 1058 2717 confutandum
1071 2646 1137 2719 Se·

58 2766 379 2859 mipelagianismum
400 2766 619 2837 disertissima
640 2768 810 2837 sacrarium
828 2742 1011 2871 litterarum
1025 2742 1136 2853 effata,

63 2882 1136 2987 utJoltct131t1atth.16,lc;1.00r;3,7;actlo,

64 3010 135 3105 1;1
156 3006 284 3095 Ephes.
308 3010 345 3092 1,
368 3006 555 3090 15-86,
570 3006 784 3094 inprimisque
810 3004 924 3073 laudat
949 3002 1138 3111 Epistulam
1212 3048 1214 3053 -

62 3125 110 3194 ad
134 3128 322 3211 Romanos,
353 3145 453 3215 quam
469 3120 606 3219 'quidem
633 3125 769 3193 totam
758 3146 792 3190 m
814 3122 878 3191 hac
898 3131 1014 3192 nostra
1035 3146 1138 3229 quae-

63 3247 177 3315 stione
213 3244 389 3314 admodum
422 3241 667 3314 memorabilem
704 3263 782 3310 esse
818 3240 975 3311 declarat
1026 3224 1137 3329 „le

65 3366 178 3451 ctiam,
200 3365 307 3455 inquit
319 3386 395 3453 pag
387 3365 502 3449 .178,
517 3384 616 3453 quam
638 3360 768 3451 singula
789 3382 942 3451 quaeque
951 3360 1141 3436 hurusmodr

64 3484 184 3569 effata,
217 3486 344 3572 gratiae
371 3481 632 3571 supernaturalis
657 3485 804 3551 internae
829 3482 1067 3549 necessitatem
1095 3482 1139 3551 ad

64 3602 145 3672 lidei
173 3602 323 3671 efficacis
355 3603 480 3671 initium
513 3598 709 3690 comprobat
742 3604 831 3667 tota
864 3596 1058 3687 Epistola
1089 3600 1140 3671 'ad

63 3723 281 3791 Romanos.
325 3720 364 3787 ln
383 3719 447 3788 hac
469 3719 555 3786 enim
581 3717 768 3809 Apostolus
794 3716 877 3787 illud
894 3715 962 3785 sibi
986 3714 1141 3808 proposi·

63 3846 138 3909 tum
155 3838 277 3923 habet,
308 3845 347 3907 ut
367 3836 489 3906 doceat
506 3836 595 3917 ‚fidei
621 3834 820 3905 christianae
847 3838 1076 3907 assensionem
1097 3878 1140 3890 -·

64 3982 134 4030 non
148 3967 319 4029 externam
334 3959 406 4025 eius
419 3956 711 4046 praedicationem,
722 3955 785 4022 sed
799 3959 1039 4042 assensionem,
1051 3978 1139 4051 quae

64 4078 274 4164 adhibeatur,
296 4098 398 4166 quum
417 4075 503 4144 fides
523 4075 796 4165 praedicetur-
823 4072 912 4143 effici
931 4096 994 4163 per
1014 4077 1138 4165 gratui-

63 4206 134 4267 tam
155 4176 224 4267 Dei·
243 4196 454 4279 electionem,
476 4192 619 4283 ideoque
641 4194 766 4281 gratiae
788 4186 918 4261 divinae
938 4213 1026 4283 opus
1048 4214 1137 4261 esse.
