2514 4792
335 547 340 554 .
430 476 736 581 onnon
789 485 943 571 vn.
1038 588 1050 601 „

147 632 353 747 ¹Doctrina
375 673 600 767 christiana
620 693 700 740 non
720 669 836 738 modo
857 670 1207 760 supernaturales

149 815 374 886 sedetiam
399 830 498 877 vere
532 808 713 875 divinam
743 805 946 891 originem
978 803 1121 876 hahet.
1156 806 1203 889 io

87 906 91 987 {
121 998 126 1007 -
149 952 389 1019 stimonium
408 944 514 1013 Jesu
537 939 697 1009 Christi
724 939 870 1008 desua
889 941 1109 1009 missione.
1147 940 1202 1013 litt

117 1054 120 1069 Ι
151 1087 392 1163 adiunctae,
422 1098 528 1167 quae
554 1076 651 1143 huic
677 1075 925 1143 testimonio
944 1074 1202 1162 plenissimas

150 1221 276 1289 sidem
297 1216 563 1284 adsciscunt:
594 1213 709 1279 vitae
731 1211 965 1294 sanctitas,
994 1212 1103 1279 finis
1120 1206 1203 1279 mira

152 1354 349 1434 culorum,
369 1348 639 1437 praestantia
661 1345 887 1413 doctrinae.
932 1338 1147 1427 Quomodo
1161 1344 1204 1431 hh

147 1488 325 1556 'motivis
347 1482 535 1550 externis
557 1483 667 1549 ratio
689 1486 832 1563 nostra
854 1501 901 1550 eo
923 1478 1164 1565 adducatur,
1178 1480 1204 1545 rt

151 1596 298 1708 iubeat
324 1654 402 1702 nos
430 1633 614 1700 divinam
642 1631 749 1700 Jesu
774 1631 1031 1699 missionem
1061 1629 1202 1701 firmiter

154 1773 338 1843 credere.
397 1769 648 1854 Auctoritas
683 1765 764 1834 Dei
790 1771 836 1834 ut
870 1767 1079 1837 motivum
1106 1762 1200 1837 ercii

196 1905 397 1976 bilitatis.
447 1905 608 1973 Natura
637 1902 745 1969 fidei
778 1900 1166 1991 supernatur-athei

605 2037 786 2106 divinae.
930 2006 936 2017 ἱ

172 2182 200 2223 ³.

362 2295 418 2361 Qui
436 2314 452 2348 a
470 2302 553 2350 semet
573 2297 636 2367 ipso
658 2297 794 2366 loquitur,
820 2294 935 2364 gloriam
958 2296 1106 2365 proprian
1121 2290 1211 2367 qudi

367 2384 414 2451 qui
432 2389 521 2435 autem
539 2384 647 2452 quaerit
663 2383 777 2452 gloriam
795 2382 864 2442 cius,
887 2380 936 2450 qni
951 2380 1035 2441 misit
1052 2400 1125 2446 nn.
1138 2380 1177 2439 hie
1187 2392 1212 2431 n·

364 2482 413 2517 rax
431 2473 483 2529 cst,
502 2473 530 2519 et
547 2469 680 2520 iniustitia
697 2471 726 2521 iu
744 2483 776 2520 eo
794 2471 917 2521 nonest.

908 2573 970 2622 roo.
990 2566 1022 2632 ⁷,
1042 2560 1108 2623 1⁷!

161 2794 164 2799 -
245 2749 375 2835 Quodsi
399 2753 500 2837 igitur
528 2754 562 2818 in
582 2773 729 2839 persona
756 2752 844 2819 Jcsu
867 2710 992 2818 Christi
1018 2757 1123 2824 tanta
1141 2755 1224 2824 viic!

35 2909 38 2911 Δ
160 2874 323 2958 apparuit,
339 2892 426 2958 quae
439 2875 474 2939 ct
484 2872 627 2938 scicntia
641 2891 703 2936 sua
717 2871 911 2958 longissime
925 2878 1111 2958 superaret
1124 2886 1228 2942 onmt!

161 2992 334 3057 scientiam
354 2988 546 3072 humanam,
579 2995 615 3056 et
635 2990 787 3077 potentia
809 3011 872 3056 sua
893 2989 960 3074 ipsi
980 2995 1131 3060 naturae
1150 2994 1229 3079 impt-

160 3114 264 3190 raret3
295 3108 448 3194 profecto
478 3109 578 3173 etiam
600 3107 751 3174 doctrina
773 3106 817 3174 ab
839 3128 881 3175 eo
902 3110 1084 3194 proposita
1107 3108 1249 3178 neceto¹

162 3231 275 3291 estut
299 3227 499 3314 originem
520 3224 645 3293 haheat
666 3225 1045 3312 supernaturalem.
1094 3226 1234 3298 Etiam

59 3364 62 3369 ·
162 3340 368 3409 divinam?
410 3345 488 3410 Non
516 3342 734 3427 dubitabunt,
763 3346 821 3432 qui
842 3347 978 3413 insitum
997 3350 1089 3415 recti
1112 3366 1237 3418 sensu!

45 3480 49 3485 ·
162 3467 363 3547 sequnntur,
392 3461 599 3530 confidenter
624 3460 798 3529 affinnare.
843 3461 941 3548 Quod
962 3470 1002 3532 nt
1023 3485 1160 3537 summo
1181 3470 1239 3536 inre

162 3576 302 3642 faciant:
324 3583 435 3646 tamen
458 3583 558 3647 ctiam
579 3582 613 3645 in
634 3579 699 3647 hac
722 3585 921 3668 quaestione
944 3583 1127 3653 doctorum
1140 3588 1239 3657 Theo

66 3754 69 3757 .
161 3692 311 3781 iugorum
341 3702 395 3762 est
420 3720 486 3764 non
518 3699 740 3786 acquiescere
762 3697 950 3768 obscuriori
971 3701 1125 3792 prodam
1148 3724 1242 3775 sensu

163 3814 346 3895 communi,
379 3815 442 3880 sed
463 3816 667 3903 perlustrare
690 3818 857 3903 rationes,
891 3818 1015 3907 quibus
1037 3821 1244 3893 adducantur

163 3931 206 3998 ad
227 3929 453 3998 affirmandum
473 3935 615 4018 indocti,
647 3935 832 4020 ponderare
863 3943 898 4005 ct
918 3939 1053 4024 videre,
1083 3914 1246 4031 'quantum

152 4039 248 4116 'istae
269 4050 415 4115 rationes
436 4055 592 4121 momenti
612 4050 773 4136 habeant,
803 4054 924 4122 nihilne
954 4058 1134 4145 irrepserit
1163 4084 1246 4135 erro·
