2514 4792
215 390 285 453 tes
310 405 359 453 ac
379 384 486 455 alius
513 383 563 453 ab
583 382 786 454 Ecclesia
810 384 1048 467 damnatas,
1081 380 1203 473 prohi-

143 585 147 597 .
203 517 374 593 nendos
396 526 438 591 et
459 520 714 591 damnandos
736 541 832 589 esse
854 517 1119 587 censuisse.“

235 756 379 843 Videtis,
399 759 520 847 Amici,
552 777 676 826 causas
697 757 918 825 damnationis
944 760 1124 844 totamque
1144 755 1208 823 luc·

130 860 315 944 tuosissimi
347 882 490 946 eventus
508 868 687 967 ¹rationem.
745 860 835 959 Quid
869 876 1062 963 expectatis
1092 896 1115 942 a
1142 896 1208 959 mc,

86 1000 90 1007 ’
129 988 190 1081 qui
223 992 433 1064 Hermesium
467 995 859 1063 innocentissimum
899 991 1210 1060 fidelissimum·

130 1132 209 1199 que
239 1106 464 1181 Doctorem
495 1110 661 1181 timeum?
696 1134 740 1179 an
770 1111 867 1195 illud,
902 1132 957 1179 me
977 1108 1034 1177 vel
1066 1106 1211 1176 'lireolo-

11 1290 18 1307 ,
130 1241 194 1317 gos
215 1227 309 1314 illos,
325 1229 466 1318 :quibus
481 1226 572 1305 ,haec
600 1250 682 1297 cura
703 1232 883 1296 commissa
903 1232 976 1309 est,
1007 1232 1049 1293 ut
1068 1225 1152 1295 loca
1172 1248 1212 1295 ex
1240 1232 1246 1257 ⁸

130 1345 297 1425 Hermcsii
322 1345 415 1413 libris
444 1351 604 1435 excerpta
634 1354 671 1415 et
696 1351 731 1416 in
756 1346 893 1415 latinum
918 1364 1111 1411 sermonem
1139 1367 1214 1413 con·

124 1482 233 1549 ¹versa
255 1466 512 1557 =eruumiuurpnt⁹
554 1465 612 1533 vel
644 1464 863 1557 venerabiles
900 1464 1045 1530 Romani
1079 1463 1216 1531 Pontifi-

132 1582 184 1649 eis
205 1581 356 1665 Fratres,
377 1579 416 1651 S.
438 1580 767 1669 R.·E.„Carriinales‚
788 1582 846 1650 vel
865 1584 975 1670 ipsum
995 1579 1087 1649 adeo
1108 1581 1216 1651 Sanc-

133 1699 298 1767 tissimum
317 1684 452 1767 Patrem
473 1684 710 1770 accusaturum
734 1698 837 1771 esse?
878 1699 982 1768 Absit
1003 1718 1025 1764 a
1045 1721 1104 1767 me
1123 1707 1216 1769 tanta

133 1794 323 1903 temerius}
350 1798 470 1906 'mam'
485 1818 609 1888 abesse
631 1841 652 1885 a
672 1818 781 1888 Vobis
801 1816 955 1886 omnihus
975 1817 1058 1885 milri
1078 1840 1214 1908 persua-

133 1938 304 2004 sissimum
334 1922 401 2006 ¹est
449 1937 630 2007 Fateamur
648 1941 762 2027 potius
790 1936 1050 2007 sanctissimum
1072 1938 1208 2020 Patrem,

51 2072 54 2077 ·
132 2059 238 2124 totius
259 2054 427 2126 ccclesiae
450 2057 637 2126 catholicae
658 2055 789 2163 Caput·
806 2058 904 2125 cuius
924 2056 1139 2143 potissimum
1159 2061 1212 2124 est

29 2174 35 2185 ’
132 2173 265 2259 videre,
292 2179 332 2242 ut
350 2195 436 2263 pura
460 2181 564 2265 etque
591 2177 721 2265 integra
742 2174 893 2241 doctrina
916 2180 1157 2262 conservetur,
1187 2177 1218 2242 si

134 2289 231 2367 aliter
257 2293 417 2379 fecisset,
448 2295 648 2382 gravissimo
675 2294 803 2362 muneri
832 2293 990 2361 divinitus
1016 2290 1218 2383 Ipsi‘impo·

139 2411 207 2477 sito
230 2408 419 2489 defuturum
439 2412 557 2480 fuisse.
602 2411 838 2480 concedamus
856 2433 894 2479 s.
915 2402 1132 2497 'l'hcologiae¹
1146 2413 1220 2480 Ma·

136 2528 275 2614 gistros,
297 2548 385 2615 quos
405 2529 505 2598 modo
528 2524 606 2596 ante
629 2532 894 2614 commemoravi,
917 2528 1104 2617 caomnia2
1128 2551 1217 2617 quae

135 2650 297 2743 encerpta
318 2644 362 2711 ab
385 2646 458 2713 aliis
479 2647 649 2736 latineque
671 2648 799 2717 reddita
813 2655 849 2715 et
870 2646 1220 2715 animadversionibus

133 2760 299 2831 instructa
312 2764 397 2851 ipsis
411 2773 685 2854 proponerentur,
707 2768 882 2834 verissimo
905 2765 1089 2848 iudicasse,
1112 2767 1220 2834 idem·

133 2876 201 2970 quc
224 2876 267 2949 de
289 2885 456 2953 sententia
482 2885 526 2950 ad
551 2876 756 2972 postremum
777 2884 845 2952 lata
867 2907 887 2951 a
908 2883 946 2952 S.
970 2884 1012 2951 n.
1035 2883 1078 2950 Ε.
1103 2880 1222 2952 Cardi-

133 2992 265 3069 naiibus
278 3016 292 3085 ’,-
312 2982 620 3070 ”Ειιιίιιοῃ1]ἰ“εἰιὶι’ἰε
642 3038 645 3045 ·
663 3004 754 3070 Viris
767 2988 787 3088 ‚¹
818 2998 961 3090 ingenuo
995 2999 1222 3088 profiteamur.

134 3116 219 3201 Quis
232 3120 328 3185 enim
349 3118 508 3187 Vestrum
526 3126 601 3204 esta
617 3123 768 3207 -quimon
789 3106 847 3204 ea,
870 3140 957 3207 quae
979 3118 1137 3189 damnare
1161 3146 1222 3191 vo·

20 3264 25 3274 ’
134 3235 196 3307 luit
206 3234 588 3321 sanctissimus-Pater,
610 3258 732 3325 reapse
755 3226 1006 3317 condcnmanda
1027 3257 1107 3306 esse
1131 3243 1225 3309 exis-

133 3351 251 3445 timet?
278 3353 431 3431 Idunum
450 3357 568 3445 agitur,
590 3356 625 3429 in
647 3354 712 3422 hoc
729 3376 795 3423 uno
816 3360 976 3444 tanquam
996 3355 1134 3437 cardine
1149 3364 1226 3426 tota

134 3448 192 3551 uos
213 3474 364 3565 vertitur,
385 3470 508 3540 nihilne
528 3472 662 3540 humani
683 3473 846 3567 acciderit
865 3468 934 3540 illis
942 3472 1225 3564 Theologis,=qui

133 3568 252 3679 primi
267 3572 1225 3681 excerpseruntexcerptainlatinumcouver·

134 3692 276 3777 terunt
290 3698 460 3795 suisque
476 3701 1109 3778 annotationibusillustraruut
1133 3710 1226 3795 Quid

135 3838 216 3913 'crgo
233 3821 308 3892 esti
330 3846 373 3890 au
390 3814 557 3912 suspicari
574 3827 655 3895 licet
667 3826 775 3894 hosce
786 3818 978 3913 Theolog'o's
988 3806 1105 3914 parum
1120 3834 1226 3898 ac'cu-

137 3951 210 4013 rate
232 3940 443 4011 satisfecisse
465 3942 576 4021 officio
600 3943 687 4012 suo?
709 3965 817 4011 nonne
832 3943 867 4011 id
888 3947 1008 4032 ipsum,
1031 3948 1123 4035 quo'd
1136 3949 1227 4016 Her-

137 4063 264 4131 mosius
289 4076 362 4146 „ex
385 4062 554 4130 constanti
583 4066 618 4131 ct
643 4061 715 4130 fere
737 4064 906 4131 communi-
929 4084 991 4152 per
1012 4063 1228 4135 Germaniam
