2596 4778
68 280 73 394 p
606 242 659 307 91

68 400 75 443 ⁵¹
96 432 221 513 laturo,
240 444 355 517 neque
374 424 411 493 in
425 422 490 493 hnc
504 424 573 491 vita
587 424 631 491 ad
655 424 825 515 perlectae
846 420 1059 489 beatitudiuis
1080 424 1168 491 ihac-

68 468 162 630 ltum
188 542 403 635 pervenire.“
455 540 582 611 lhidcm
609 539 636 631 d.
659 546 713 611 79
738 540 784 609 ud
809 540 922 609 finem:
965 540 1169 625 „lievelutio

68 633 72 695 l
99 660 360 755 supernaturalis
382 658 492 731 divina
512 659 568 729 vel
588 682 738 727 summo
758 656 1017 749 Philosopho
1038 660 1169 729 minime

100 780 269 852 inutilis
291 784 357 865 cst,
377 777 533 869 ideoque,
552 782 733 869 postquam
753 798 827 849 eam
836 780 975 867 recepit,
994 799 1062 846 non
1075 778 1170 867 parui

102 898 325 985 aestimandu3
344 898 442 967 immo
462 900 575 989 potius
589 900 624 967 in
637 920 756 987 rnagno
776 898 843 989 ipsi
854 896 962 983 pretio
984 901 1049 981 est,
1071 898 1171 965 etiam

102 1014 153 1086 uhi
181 1014 266 1085 nihil
296 1014 401 1090 tradit
428 1021 562 1104 praeter
592 1014 753 1085 naturalia
782 1036 909 1083 morum
939 1018 976 1081 et
1002 1012 1170 1101 religionis

103 1140 291 1223 praecepta,
311 1154 453 1225 qrrorum
474 1136 695 1221 cognitionem
715 1130 927 1221 Philosophia
941 1152 1075 1219 quoque
1089 1152 1169 1221 aup-

105 1250 241 1339 peditat3
271 1272 350 1321 narn
374 1254 460 1323 ista
485 1252 649 1343 quidem
676 1250 902 1337 (naturalia
927 1252 1170 1346 praecepto)

106 1390 171 1457 per
196 1367 315 1437 illam
341 1367 673 1457 (revelationem)
701 1370 1010 1437 confirmantur.
1062 1366 1170 1457 Equi·

97 1486 172 1561 ,sm
190 1484 299 1571 tides,
320 1508 389 1577 qua
410 1486 577 1557 credimur
597 1487 842 1572 revelationem,
863 1492 901 1554 ut
920 1487 1092 1573 superiora
1112 1486 1170 1554 de·

88 1591 226 1675 'nnat
253 1607 383 1691 omnm,
410 1626 455 1675 eu
476 1605 690 1695 Philosophia
715 1604 992 1694 pronascitur*);
1025 1608 1171 1671 attamen

113 1721 176 1793 hac
194 1724 361 1793 minime
380 1722 573 1815 impedit,
588 1726 807 1813 quominus
828 1721 1052 1817 revelatio,
1069 1741 1171 1809 quas

115 1840 227 1911 tradit
246 1842 516 1931 cognitiones
536 1840 876 1932 philosophicas,
910 1838 1076 1908 casdem
1098 1841 1170 1907 eti·

68 1953 83 2019 ἱ.
120 1978 172 2027 an
188 1936 429 2029 confirmet.¹
461 1956 601 2029 Omnino
623 1960 710 2027 enim
736 1956 966 2046 philosophica
987 1960 1093 2025 omnis
1115 1977 1173 2025 eo·

69 2149 73 2155 ,
128 2076 212 2163 mna
226 2077 359 2167 quoties
380 2076 462 2147 aliu
488 2081 556 2145 vio
582 2076 759 2165 reperitur,
790 2076 926 2143 tametsi
944 2077 1063 2141 iterum
1083 2074 1172 2141 sem·'

68 2180 79 2289 Ἰ
118 2210 175 2283 per
192 2190 486 2285 ptuosopnieettp,
515 2215 683 2285 uunquam
711 2214 778 2261 non
809 2192 917 2263 denuo
951 2190 1170 2261 confirmatur.

118 2336 309 2351 ψ

148 2412 165 2479 ’)
184 2410 365 2483 lstelligends
381 2410 449 2467 haec
467 2422 531 2467 sunt
548 2414 656 2477 deiide,
674 2432 728 2485 qua
745 2414 877 2468 credimus
895 2414 1016 2467 laetum
1032 2414 1171 2466 revelatio·

80 2552 83 2557 ,
184 2498 245 2563 sis,
269 2503 304 2549 at
318 2504 395 2569 patet
410 2514 441 2549 ex
464 2506 590 2555 matexeu
611 2502 747 2571 totiusque
763 2500 845 2555 huius
860 2498 917 2553 loci
933 2506 1035 2553 mnam.
1070 2500 1172 2553 Sensus

72 2611 75 2617 ·
181 2580 228 2637 tue
246 2588 299 2645 est,
315 2598 365 2637 aee
381 2588 471 2653 potest
486 2586 557 2635 alias
572 2602 648 2637 essee
667 2602 717 2655 per
732 2584 1007 2655 Philosophiam,
1024 2584 1107 2636 idest
1122 2602 1173 2655 pes

181 2674 317 2723 rectam
333 2669 487 2721 rationis
505 2687 614 2737 asum,
634 2688 666 2723 oo
683 2658 857 2731 adducimur,
874 2674 906 2719 ut
929 2670 1055 2721 factum
1072 2670 1172 2723 revela·

87 2770 90 2775 ·
180 2754 269 2807 tionis
283 2752 433 2813 credamus,
452 2752 592 2807 credemus
603 2760 691 2806 autem
701 2762 813 2825 propter
827 2754 927 2806 motiva
944 2748 1092 2816 externa3
1109 2772 1173 2807 nans

179 2840 308 2909 leq-itus
330 2837 484 2891 llermesius
506 2838 539 2889 de
562 2841 724 2891 revelatione
747 2839 1028 2909 supernaturali,
1058 2857 1138 2908 quam
1156 2858 1173 2892 s

182 2924 273 2997 priori
290 2922 473 2975 deneastnre
489 2924 559 2975 velle
575 2924 799 2976 absurdissimum
815 2930 868 2976 est·
901 2923 1019 2974 Eandem
1037 2924 1172 2991 signitica-

181 3012 287 3063 ttaan
303 3005 405 3059 hahent
421 3007 551 3077 Episcopi
568 3008 801 3077 Argentoratensis
826 3007 905 3059 verba
931 3026 1011 3077 supra
1029 3012 1103 3078 (pag.
1124 3008 1172 3079 ⁷1)

182 3094 285 3145 sllstsa
309 3090 438 3151 „Ratio
456 3110 506 3144 nos
525 3100 598 3145 certo
618 3094 710 3145 ducit
727 3092 762 3142 ad
778 3090 967 3143 revelationem
984 3093 1057 3144 rel.“

98 3233 104 3246 ,
130 3176 352 3249 ⁸)Voeslsnluss
368 3177 669 3247 „philosophice”
692 3195 785 3229 rursus
803 3176 938 3245 signitieat
960 3195 1022 3246 per
1048 3184 1173 3232 rectula

182 3262 344 3317 sationis
370 3280 476 3313 usum.
513 3263 647 3315 Videlicet
666 3261 867 3332 philosophicae
890 3262 1070 3331 cognitiones,
1089 3264 1124 3329 (e.
1145 3281 1174 3335 g.

181 3364 271 3401 ιιιιι
292 3346 379 3399 nean
402 3364 476 3408 esse,
505 3348 623 3399 animum
646 3364 704 3399 esse
725 3348 899 3399 immortalem
904 3348 929 3413 ,l
954 3352 1085 3417 quatenus
1101 3366 1175 3402 mere

182 3432 390 3505 philosophicae
407 3438 482 3490 saut.
508 3450 540 3485 es
555 3433 615 3484 sola
637 3434 741 3485 ratione
763 3439 898 3503 petuntur.
934 3431 989 3483 Sed
1004 3434 1112 3484 caedens
1127 3450 1173 3485 eo·

185 3516 325 3591 gnitiones
347 3524 463 3587 possunt
484 3535 534 3586 per
555 3518 745 3571 revelationem
778 3515 1005 3587 supernaturalem
1030 3518 1174 3573 nobiscum

186 3602 396 3655 communicari.
429 3602 516 3672 Atque
538 3601 705 3653 haererem
728 3604 831 3655 lactum
853 3618 981 3655 essenon
1002 3607 1100 3655 temere
1117 3621 1174 3657 ere·

185 3686 322 3747 dudam,
347 3686 395 3737 sed
411 3704 460 3755 per
476 3693 579 3738 rectum
599 3689 711 3739 rationis
729 3707 806 3740 usum
827 3688 1061 3741 demonstrandum
1078 3695 1129 3753 est,
1149 3696 1176 3742 et

186 3773 426 3827 denomtsssdun
444 3774 606 3840 argumentis
622 3790 676 3823 non
693 3774 806 3824 internis
819 3773 866 3825 sed
884 3774 1047 3825 extrinsecus
1071 3774 1175 3841 petitis.

186 3856 231 3908 lta
249 3856 292 3917 nt,
314 3862 347 3908 ut
362 3858 443 3909 etiarn
460 3857 664 3925 philosophicae
685 3858 853 3925 cognitiones
877 3858 947 3908 alia
968 3860 1020 3909 via
1036 3858 1088 3909 rite
1104 3860 1175 3911 inve·

186 3944 319 4001 ιίιιῑιιι,
346 3947 374 3993 et
402 3942 483 3993 simul
504 3942 694 3995 confirmentur
717 3940 855 3994 infallibili
877 3945 1036 3995 auctoritate
1057 3948 1173 3995 externa.

188 4026 275 4091 Quat
291 4026 398 4095 quaten
413 4027 532 4081 fructum
549 4028 657 4089 anetae.
679 4029 770 4081 statim
792 4034 885 4100 postea
901 4030 1049 4099 explicatae
1064 4028 1099 4081 sl»
1115 4030 1175 4100 ipso

187 4110 339 4167 lleenesiu.
815 4134 818 4139 ·
