2596 4778
620 262 684 345 ¹aa

92 444 210 533 ipsius
233 442 339 527 ratio,
362 440 507 529 itemque
528 464 606 511 urm
629 447 703 512 lam
725 468 829 533 opus
851 444 1024 515 liaberet
1044 468 1178 537 neque

91 560 414 649 redemptione,
453 580 587 650 neque
614 566 769 650 gratia,
803 570 937 653 neque
964 562 1178 655 evangelii

89 678 437 769 praedicatione,
471 699 604 769 aeque
635 682 833 769 imprimis
864 674 1072 751 Ecclesia.
1114 682 1178 752 lli-

89 798 181 864 nime
204 817 311 881 vero,
332 817 399 864 uon
424 797 472 863 ita
493 817 533 865 se
554 817 610 865 res
631 797 768 868 hahet“
809 798 941 868 Eodem
965 801 1085 888 modo,
1104 802 1178 884 *nisi
1223 884 1228 893 1

90 936 145 983 me
175 913 456 999 amictuum,
482 916 694 1003 interrogati,
727 918 984 1006 respondissent
1010 920 1178 990 Hermesii

93 1037 333 1101 accusatores
358 1031 449 1102 ¹Sed
470 1033 659 1119 audiamus,
687 1036 769 1123 quid
788 1034 984 1125 Episcopus
1004 1037 1049 1104 ad
1074 1018 1177 1107 laec:

97 1152 346 1235 „Postremum
364 1149 448 1237 hoc,
476 1154 600 1240 inquit,
626 1173 842 1241 responsum,
865 1157 931 1223 etsi
952 1158 1060 1222 minus
1081 1156 1177 1224 diffu-

98 1288 183 1353 mm,
204 1270 282 1338 iere
303 1290 419 1338 omnes
439 1270 709 1358 praecedentium
729 1292 860 1340 errores
882 1273 990 1341 denuo
1012 1272 1177 1361 complec-

101 1388 187 1455 titur.
233 1384 348 1471 Quat
368 1390 398 1455 si
411 1390 645 1478 perustionem
668 1409 709 1456 eo
729 1392 904 1477 pervenire
924 1396 1045 1479 posset
1064 1390 1175 1475 homo,
1248 1456 1255 1469 ,.

107 1510 275 1574 etcertum
295 1505 392 1574 lieret
412 1506 455 1574 de
476 1507 656 1574 existentia
675 1504 743 1573 Dei
757 1513 792 1576 et
806 1508 849 1575 dc
869 1511 1043 1599 utriusque
1064 1510 1176 1578 lleve·
1226 1596 1232 1605 Ι

114 1620 235 1692 lationis
262 1626 422 1708 veritate,
455 1626 626 1701 aurarius
652 1625 815 1713 penderet
836 1633 871 1695 ct
896 1628 931 1694 in
952 1630 1093 1697 scientia
1114 1648 1178 1696 sua

88 1740 303 1811 =euudel
346 1738 461 1824 Qualis
488 1743 636 1812 idearum
664 1744 834 1812 confusio!
878 1740 983 1827 Quid
1008 1748 1178 1814 tandem

124 1862 345 1948 requiritur,
376 1865 422 1927 ut
447 1863 630 1928 sciamus
661 1867 703 1930 et
729 1882 828 1929 esse
854 1860 981 1928 Deum
1010 1862 1176 1932 Creato-

133 1996 215 2061 rem,
241 1985 279 2053 et
312 1978 481 2046 eundem
512 1977 607 2045 huic
641 1980 787 2046 mundo
824 1999 922 2047 sese
959 1980 1177 2050 revelasse

88 2114 91 2154 e
142 2112 199 2178 per
223 2092 384 2185 ltrysen
420 2102 460 2164 et
494 2096 639 2165 Jesum
674 2094 903 2166 Christum?
957 2098 1075 2167 Satis
1111 2108 1179 2170 est

141 2217 299 2283 recitati
320 2216 492 2283 ratione.
535 2214 651 2283 Duae
673 2215 772 2284 illae
793 2218 1000 2284 veritates
1022 2215 1178 2288 ducunt

126 2306 172 2393 ¹arl
197 2328 330 2416 iidem,
364 2331 621 2420 praecedunt
657 2355 759 2416 eam,
794 2355 928 2421 nequo
960 2343 1056 2403 sunt
1088 2338 1177 2405 eius

136 2442 318 2535 allecum).
361 2453 497 2534 „,‚Non
518 2458 639 2540 posset
659 2451 770 2537 homo,
791 2453 856 2518 uisi
878 2473 941 2518 suu
962 2472 1001 2520 se
1018 2455 1176 2542 dignitate

133 2593 311 2611 Μ

153 2686 172 2755 ‘J
189 2685 286 2747 „lillaa
307 2702 342 2738 aa
365 2692 429 2738 aaut
450 2687 491 2739 lea
515 2686 710 2757 prelimiuaires
736 2694 762 2740 et
778 2705 833 2741 nou
853 2688 895 2741 les
913 2689 1034 2760 objcts.‘⁴
1071 2691 1177 2747 Etenim

189 2788 238 2843 pra
259 2770 408 2825 obiectis
432 2771 510 2832 fidei,
539 2773 563 2823 si
580 2774 689 2841 proprie
707 2773 857 2842 loquimur,
884 2793 916 2826 ea
933 2783 1038 2829 tantum
1054 2777 1179 2833 habenda

190 2862 268 2931 naar,
292 2874 362 2926 quac
379 2856 452 2908 Deua
469 2856 548 2909 nohis
564 2858 710 2917 revelavit,
736 2876 855 2928 quaeque
880 2862 1012 2912 credimus
1035 2870 1179 2933 propter

189 2940 426 2996 anctoritatem
444 2936 601 2998 divinam.
639 2942 688 2993 Est
705 2949 793 2993 autem
811 2960 885 2994 meus
904 2953 996 2996 uostm
1013 2947 1052 2997 ita
1070 2965 1177 3016 compa·

188 3034 260 3089 rata,
281 3028 392 3079 attalia
412 3028 546 3081 credendi
560 3035 636 3080 aetus
654 3034 682 3079 et
698 3028 801 3095 agnitio
819 3028 903 3097 ipsius
922 3016 1090 3083 auctoritatis
1109 3032 1176 3083 dlvi·

187 3130 238 3165 nae
254 3113 285 3179 ia
300 3111 379 3163 nabis
396 3113 602 3183 haudquaquam
626 3113 719 3164 narei
740 3116 843 3182 possit,
865 3113 920 3164 nisi
938 3116 989 3167 sub
1012 3114 1053 3167 hia
1071 3117 1177 3169 duabus

186 3196 339 3269 praeviis
358 3199 573 3250 conditionibus:
599 3198 713 3271 primum
732 3203 764 3248 ut
780 3215 851 3250 erse
869 3198 954 3251 Deum
972 3200 1050 3251 anobis
1068 3219 1179 3270 persua·

185 3300 247 3335 am
266 3283 318 3343 ait;
337 3283 435 3334 deinde
451 3291 483 3335 ut
500 3289 603 3337 certum
624 3285 844 3352 exploratumque
861 3283 1017 3345 habeamus,
1035 3287 1177 3337 revelatio·

184 3385 249 3422 nn
273 3366 409 3438 aliquam,
437 3388 506 3439 quae
523 3389 551 3424 ae
569 3371 697 3422 divinitus
720 3371 845 3422 traditam
868 3372 1026 3439 profitetur,
1055 3389 1179 3440 reapse

183 3458 288 3509 Deum
305 3451 433 3506 habere
450 3461 631 3510 auctorem.
666 3457 824 3508 Rectissime
835 3456 1178 3525 igituraceommodateque

183 3540 222 3593 ad
238 3538 421 3591 immutabiles
439 3540 534 3591 mentis
557 3541 688 3592 hnmanae
709 3542 781 3611 leger
806 3541 956 3610 Episcopus
974 3541 1177 3607 Argentoraten-

183 3627 226 3679 air
243 3626 314 3676 duas
330 3625 393 3675 illas
410 3626 536 3676 veritates
561 3644 618 3678 esse
635 3627 874 3696 praeambulus
896 3627 960 3676 iidei
979 3626 1061 3686 dicit,
1083 3643 1179 3694 nempe

183 3711 266 3761 illius
287 3708 370 3770 fidei,
393 3729 465 3779 quac
488 3710 585 3762 nititur
606 3714 766 3763 auctoritate
790 3712 881 3763 diviua
900 3713 1008 3779 eiusque
1027 3712 1177 3780 agnitione:

88 3850 90 3855 ,
183 3794 353 3848 Bautaenina
377 3803 476 3855 autem,
505 3798 550 3866 qui
569 3798 648 3848 etiam
666 3795 761 3848 irarum
780 3799 892 3849 duarum
909 3799 1051 3848 veritatum
1070 3798 1178 3848 certitu-

88 3890 90 3927 :
186 3880 282 3932 dinem
299 3884 381 3948 negat
397 3884 538 3949 petendam
556 3900 613 3932 esse
625 3889 723 3934 erecto
740 3884 853 3934 rationis
871 3898 921 3933 usu
937 3881 1056 3951 facitque
1069 3898 1178 3949 suspeu-

184 3982 248 4017 aam
267 3980 298 4015 ex
316 3966 451 4033 agnitione
470 3969 639 4018 auctoritatis
660 3968 775 4026 divinae,
794 3984 848 4017 nou
866 3968 952 4017 solum
971 3969 1060 4016 omnia
1078 3967 1176 4028 turbat,

183 4050 341 4105 naturalem
365 4053 503 4120 cogitandi
527 4053 648 4104 ordinem
675 4054 836 4121 detorquens
858 4058 886 4102 et
902 4052 975 4121 leges
993 4052 1027 4102 ab
1045 4052 1105 4120 ipso
1122 4050 1180 4101 Deo

192 4135 299 4188 rationi
315 4141 421 4189 aoatrae
438 4138 605 4206 ingeneratae
624 4144 761 4198 evertens,
784 4137 832 4192 aed
849 4138 944 4198 etiam,
963 4138 991 4189 id
1008 4138 1080 4207 qaod
1097 4138 1180 4207 pessi·
