2514 4792
75 462 130 507 ma
143 440 229 507 inter
242 440 364 505 erroris
377 442 554 526 magistrm
566 443 790 525 numeratur,“
812 460 941 506 omnem
953 430 1114 507 eiusmodi

75 560 268 645 rspicionem
287 556 401 625 tollit?
442 559 520 646 Ego
547 560 629 626 veri)
649 561 789 646 primum
809 566 994 647 agnoscere
1013 558 1114 627 telem

76 698 163 743 mam
181 697 250 742 non
269 698 421 764 possum,
443 682 478 744 et
502 684 594 744 certo
616 680 688 743 scio
711 678 782 744 Vos
804 698 920 744 omnes
941 678 1114 746 incudem

75 816 172 861 ecum
206 797 374 861 sententia
411 814 500 861 esse.
557 794 798 882 Respondeant
831 796 1114 865 Reverendissimi

75 896 225 1001 piscopi,
260 898 388 979 wmma
414 912 565 981 doctrina
590 934 632 981 ac
656 934 783 979 morum
807 912 973 1000 probitate
995 918 1114 999 ornati,

75 1030 101 1095 ri
121 1030 208 1096 satis
227 1050 348 1117 magno
369 1052 504 1098 numero
526 1022 637 1099 inillis
653 1030 847 1098 Germaniae
861 1031 1013 1117 partibus
1036 1054 1115 1099 eon·

75 1149 151 1214 ituti
161 1151 252 1231 munt,
272 1146 332 1213 uhi
350 1146 405 1214 vel
426 1150 501 1235 ipse
521 1149 718 1219 Hermosius
741 1149 864 1233 docuit,
884 1146 941 1215 vel
962 1148 1117 1237 discipuli

83 1262 207 1331 schola
235 1264 452 1333 Remesiana
478 1270 608 1353 egressi
635 1274 671 1335 et
696 1266 850 1355 Magistri
881 1267 935 1333 sni
962 1266 1117 1353 vestigiis

75 1385 241 1471 sistentes
259 1382 474 1471 Tleologiam
493 1383 726 1470 Dogmationm
746 1388 805 1449 aut
831 1383 1038 1453 tradiderunt
1057 1390 1118 1479 aut

75 1502 232 1569 namnum
258 1499 402 1568 madunt
459 1502 567 1569 Nemo
595 1523 681 1568 unrrs
713 1500 841 1567 illorum
871 1500 1118 1591 Episcoporum

75 1618 219 1687 ¹ermesio
261 1618 557 1706 Hermesianisque
600 1620 779 1705 denegavit
822 1640 968 1707 unquam
1006 1622 1117 1690 ortho-

75 1739 165 1805 ›xine
177 1736 320 1805 laudem.
364 1734 457 1819 Quae
473 1758 540 1821 res,
555 1743 599 1804 ut
610 1739 797 1805 certissima
808 1742 863 1803 est
874 1742 909 1804 et
918 1740 1117 1807 testimoniis

75 1878 121 1922 nn
146 1854 293 1943 publicis
318 1860 390 1923 tum
419 1857 558 1942 privatis
583 1856 725 1923 maxime
764 1854 1035 1943 comprobant),
1069 1858 1117 1923 ita

77 2091 104 2159 ')
125 2092 226 2145 Notum
248 2098 289 2144 est
320 2090 453 2143 Hermesii
481 2105 563 2160 opera
588 2093 619 2145 in
640 2092 730 2143 lucem
746 2092 880 2161 prodiisse
898 2108 960 2142 curu
985 2090 1117 2159 approba·

135 2178 209 2229 tione
227 2176 423 2235 Ordiuariatus,
440 2193 527 2244 neque
543 2178 572 2228 id
589 2178 686 2239 solum,
703 2177 846 2230 sedetiam
861 2176 892 2228 in
908 2176 1051 2227 academiis
1070 2176 1119 2227 ali-

135 2262 213 2330 isque
228 2260 323 2313 sclolis
345 2260 414 2311 bene
434 2260 527 2311 multis
544 2262 679 2331 usurpari,
702 2260 848 2313 scientibus
866 2268 893 2313 et
909 2260 1120 2332 approbantibus

133 2346 286 2417 Episcopis.
327 2347 416 2415 Atque
440 2345 483 2397 trs
508 2344 627 2415 publicis
654 2347 815 2399 testimoniis
846 2346 1030 2417 adiunguntur
1053 2348 1120 2401 slis.

129 2432 352 2500 Aestcrfeldttus,
371 2433 493 2499 egregins
511 2432 644 2484 Hermesii
662 2433 823 2502 discipulus,
843 2450 866 2485 s.
879 2432 1120 2501 TheologiaeDoc-

128 2526 176 2571 tor
201 2518 372 2585 eiusdemque
397 2518 465 2566 olim
491 2516 519 2566 iu
540 2516 627 2586 Lyceo
650 2518 769 2571 Hosiano
794 2516 1021 2587 Bruusbergensi,
1047 2533 1120 2569 nunc

130 2606 162 2657 iu
177 2603 322 2655 Academia
338 2602 474 2652 Bonnenai
491 2604 632 2655 Professor
648 2607 679 2654 P.
698 2602 746 2663 0.,
770 2603 838 2655 duas
862 2602 1042 2655 Cateclrismos
1064 2602 1119 2653 edi.

131 2690 189 2749 dit,
212 2704 296 2739 nuum
313 2687 427 2746 maiori,
449 2686 564 2741 alterum
581 2689 681 2741 minori
697 2689 802 2747 forma,
823 2690 952 2741 eeclesiae
973 2688 1121 2741 catholicas

129 2774 280 2826 doctrinam
297 2771 361 2822 fidei
379 2777 406 2822 et
423 2788 527 2823 morum
543 2774 724 2825 eontinentesz
752 2774 800 2841 qui
815 2775 890 2833 libri,
909 2790 971 2825 cum
987 2772 1121 2825 Hermcsii
1200 2815 1203 2819 .

130 2858 242 2927 ingenio
260 2858 368 2908 omnino
386 2860 571 2917 consentanei,
593 2858 627 2909 ab
644 2858 788 2927 Episcopis
806 2859 948 2928 approbati
967 2864 994 2910 et
1010 2871 1119 2925 magno·

128 2961 195 3015 pere
216 2944 396 2993 commendati
420 2946 497 3000 suut,
523 2943 604 2995 immo
622 2946 703 2995 etiarn
719 2943 896 3012 plurimorum
915 2942 1122 3011 Theologorum,

133 3029 185 3097 qui
209 3045 262 3078 nou
283 3034 346 3080 sunt
362 3027 546 3089 llermesinni,
572 3031 716 3080 maximam
740 3028 845 3078 laudem
867 3028 995 3080 mlernnt.
1031 3028 1124 3079 Placet

132 3111 355 3183 approbatione·
375 3112 521 3183 praefixam
539 3112 708 3165 Catcchisrno
732 3114 817 3163 forms
839 3113 938 3163 minori
959 3112 1125 3167 adscribere·

132 3197 185 3249 Est
200 3204 290 3248 sutem
308 3198 388 3249 lraee:
408 3197 499 3259 „Cum
517 3198 603 3260 liber,
615 3201 659 3251 cui
674 3199 785 3251 titulusz
803 3195 945 3248 Lelrrlruelr
963 3198 1011 3249 der
1028 3196 1124 3248 christ·

132 3282 319 3334 lsatholischeu
336 3283 459 3350 Religion
476 3300 527 3336 von
545 3288 605 3337 dem
622 3286 763 3337 Professor
786 3284 834 3335 des·
849 3281 994 3350 Theologie
1011 3300 1054 3333 am
1072 3280 1123 3350 Ly·
1150 3276 1153 3281 ⁴

134 3386 213 3437 ecum
232 3367 379 3419 Hosiaunm
397 3386 431 3419 zu
446 3368 627 3439 Braunsberg,
645 3371 733 3422 Herrn
749 3372 926 3438 Actterfcldt,
944 3366 1014 3419 nihil
1029 3373 1125 3419 contu

134 3452 309 3504 orthodoxam
331 3453 411 3503 fidem
434 3453 574 3523 bonosque
597 3474 685 3507 mores
708 3455 858 3513 contineat,
881 3455 935 3504 imo
954 3451 989 3502 olr
1006 3452 1124 3521 siugula-

133 3554 316 3597 remearem,
343 3555 396 3606 qua
420 3540 575 3591 elaboratus
597 3549 651 3601 est,
682 3542 718 3591 sd
732 3541 921 3608 perfectiorem
943 3537 1124 3605 cognitionem

135 3641 228 3675 saeros
248 3624 384 3674 dormisse
400 3625 539 3692 religionis
559 3625 705 3676 catlrolicac
728 3625 887 3675 utilissimus
906 3622 955 3684 sit,
977 3622 1038 3675 hinc
1060 3642 1124 3675 euu-

135 3710 197 3760 dem
213 3726 267 3759 nou
286 3714 399 3768 tantum,
419 3717 450 3760 nt
466 3710 536 3777 typis
555 3713 763 3769 commendetur,
780 3711 890 3776 dignum
909 3724 1057 3769 censemus,
1077 3709 1125 3760 sed

135 3794 216 3844 etiam
239 3793 362 3844 omnibns
384 3795 510 3845 fidelihus
535 3795 689 3846 christianis
712 3796 850 3846 dioceseos
872 3794 984 3844 Nostrae
1000 3796 1029 3847 in
1047 3796 1125 3846 scdu-

135 3879 194 3929 lnm
210 3896 289 3928 nsum
307 3880 381 3929 enixe
399 3881 625 3935 commendamus,
646 3868 801 3931 ιΒιιῑιιιιῐιιι·
817 3879 845 3928 ἱιι
859 3879 1012 3929 Residenliu
1028 3879 1126 3930 Nostra

137 3965 268 4016 sblrntinli
287 3965 382 4015 Olivue
400 3965 444 4015 ‹lie
461 3965 543 4015 a'slnra
559 3965 658 4017 mensis
675 3962 741 4015 Maii
751 3960 837 4016 1822.
855 3972 986 4029 ,Iosephus
1003 3972 1037 4017 ab
1054 3965 1144 4016 ΗοΙι-’

139 4059 290 4115 erizonem,
318 4049 471 4117 Episcopus
494 4049 693 4101 l'urmiensis.“
751 4048 837 4118 Atque
859 4050 904 4100 laic
928 4051 999 4102 idem
1016 4050 1123 4102 letter-

137 4133 264 4194 temtum
293 4152 372 4203 quem
399 4120 490 4185 ornnes
521 4142 631 4205 propter
656 4135 787 4205 insignem
807 4136 934 4207 pietatem
958 4150 1125 4204 summopere
