<?xml version="1.0" encoding="UTF-8"?>
<!DOCTYPE html PUBLIC "-//W3C//DTD XHTML 1.0 Transitional//EN"
    "http://www.w3.org/TR/xhtml1/DTD/xhtml1-transitional.dtd">
<html xmlns="http://www.w3.org/1999/xhtml" xml:lang="en" lang="en">
 <head>
  <title>
</title>
<meta http-equiv="Content-Type" content="text/html;charset=utf-8" />
  <meta name='ocr-system' content='tesseract 3.04.00' />
  <meta name='ocr-capabilities' content='ocr_page ocr_carea ocr_par ocr_line ocrx_word'/>
</head>
<body>
  <div class='ocr_page' id='page_1' title='image "actahermesianaq00elvegoog_0046.png"; bbox 0 0 2514 4792; ppageno 0'>
   <div class='ocr_carea' id='block_1_1' title="bbox 458 224 462 235">
    <p class='ocr_par' dir='ltr' id='par_1_1' title="bbox 458 224 462 235">
     <span class='ocr_line' id='line_1_1' title="bbox 458 224 462 235; baseline 0 0"><span class='ocrx_word' id='word_1_1' title='bbox 458 224 462 235; x_wconf 82' lang='grc'><strong><em>1</em></strong></span> 
     </span>
    </p>
   </div>
   <div class='ocr_carea' id='block_1_2' title="bbox 18 302 1160 4065">
    <p class='ocr_par' dir='ltr' id='par_1_2' title="bbox 41 302 1151 2985">
     <span class='ocr_line' id='line_1_2' title="bbox 52 302 1148 403; baseline 0.011 -32"><span class='ocrx_word' id='word_1_2' title='bbox 52 302 228 387; x_wconf 75' lang='lat' dir='ltr'><strong>credit,</strong></span> <span class='ocrx_word' id='word_1_3' title='bbox 249 305 309 391; x_wconf 85' lang='lat' dir='ltr'><strong>qui</strong></span> <span class='ocrx_word' id='word_1_4' title='bbox 329 306 461 375; x_wconf 88' lang='lat' dir='ltr'><strong>omuino</strong></span> <span class='ocrx_word' id='word_1_5' title='bbox 481 313 742 395; x_wconf 68' lang='lat' dir='ltr'><strong>assentitur,</strong></span> <span class='ocrx_word' id='word_1_6' title='bbox 764 312 821 381; x_wconf 91' lang='lat' dir='ltr'><strong>cui</strong></span> <span class='ocrx_word' id='word_1_7' title='bbox 840 312 966 403; x_wconf 85' lang='lat' dir='ltr'><strong>aliquid</strong></span> <span class='ocrx_word' id='word_1_8' title='bbox 988 320 1148 385; x_wconf 86' lang='lat' dir='ltr'><strong>eertum</strong></span> 
     </span>
     <span class='ocr_line' id='line_1_3' title="bbox 52 427 1150 519; baseline 0.011 -30"><span class='ocrx_word' id='word_1_9' title='bbox 52 427 174 509; x_wconf 81' lang='lat' dir='ltr'><strong>atquc</strong></span> <span class='ocrx_word' id='word_1_10' title='bbox 194 443 441 510; x_wconf 82' lang='lat' dir='ltr'><strong>persuasum</strong></span> <span class='ocrx_word' id='word_1_11' title='bbox 466 432 539 511; x_wconf 85' lang='lat' dir='ltr'><strong>est,</strong></span> <span class='ocrx_word' id='word_1_12' title='bbox 560 430 619 516; x_wconf 88' lang='lat' dir='ltr'><strong>qui</strong></span> <span class='ocrx_word' id='word_1_13' title='bbox 639 430 687 496; x_wconf 91' lang='lat' dir='ltr'><strong>ita</strong></span> <span class='ocrx_word' id='word_1_14' title='bbox 708 436 765 499; x_wconf 87' lang='lat' dir='ltr'><strong>est</strong></span> <span class='ocrx_word' id='word_1_15' title='bbox 784 434 892 501; x_wconf 89' lang='lat' dir='ltr'><strong>animo</strong></span> <span class='ocrx_word' id='word_1_16' title='bbox 920 432 1080 519; x_wconf 75' lang='lat' dir='ltr'><strong>affectius,</strong></span> <span class='ocrx_word' id='word_1_17' title='bbox 1111 440 1150 501; x_wconf 87' lang='lat' dir='ltr'><strong>ut</strong></span> 
     </span>
     <span class='ocr_line' id='line_1_4' title="bbox 56 539 1148 629; baseline 0.013 -22"><span class='ocrx_word' id='word_1_18' title='bbox 56 560 151 608; x_wconf 92' lang='lat' dir='ltr'><strong>non</strong></span> <span class='ocrx_word' id='word_1_19' title='bbox 171 539 325 619; x_wconf 87' lang='lat' dir='ltr'><strong>dubius</strong></span> <span class='ocrx_word' id='word_1_20' title='bbox 346 546 410 627; x_wconf 81' lang='lat' dir='ltr'><strong>sit,</strong></span> <span class='ocrx_word' id='word_1_21' title='bbox 439 542 506 613; x_wconf 85' lang='lat' dir='ltr'><strong>boc</strong></span> <span class='ocrx_word' id='word_1_22' title='bbox 527 551 598 629; x_wconf 83' lang='lat' dir='ltr'><strong>est,</strong></span> <span class='ocrx_word' id='word_1_23' title='bbox 626 567 694 615; x_wconf 92' lang='lat' dir='ltr'><strong>non</strong></span> <span class='ocrx_word' id='word_1_24' title='bbox 720 548 860 619; x_wconf 83' lang='lat' dir='ltr'><strong>fluctuet</strong></span> <span class='ocrx_word' id='word_1_25' title='bbox 886 550 1060 621; x_wconf 89' lang='lat' dir='ltr'><strong>interduo</strong></span> <span class='ocrx_word' id='word_1_26' title='bbox 1081 551 1148 623; x_wconf 90' lang='lat' dir='ltr'><strong>buc</strong></span> 
     </span>
     <span class='ocr_line' id='line_1_5' title="bbox 41 659 1148 765; baseline 0.014 -37"><span class='ocrx_word' id='word_1_27' title='bbox 41 659 162 765; x_wconf 68' lang='lat' dir='ltr'><strong>ilino,</strong></span> <span class='ocrx_word' id='word_1_28' title='bbox 184 662 249 745; x_wconf 85' lang='lat' dir='ltr'><strong>sed</strong></span> <span class='ocrx_word' id='word_1_29' title='bbox 269 668 314 728; x_wconf 87' lang='lat' dir='ltr'><strong>ut</strong></span> <span class='ocrx_word' id='word_1_30' title='bbox 335 668 508 731; x_wconf 87' lang='lat' dir='ltr'><strong>constet</strong></span> <span class='ocrx_word' id='word_1_31' title='bbox 528 666 569 731; x_wconf 88' lang='lat' dir='ltr'><strong>ei</strong></span> <span class='ocrx_word' id='word_1_32' title='bbox 589 664 642 733; x_wconf 90' lang='lat' dir='ltr'><strong>de</strong></span> <span class='ocrx_word' id='word_1_33' title='bbox 664 688 705 733; x_wconf 91' lang='lat' dir='ltr'><strong>re</strong></span> <span class='ocrx_word' id='word_1_34' title='bbox 727 664 869 755; x_wconf 87' lang='lat' dir='ltr'><strong>aliqua</strong></span> <span class='ocrx_word' id='word_1_35' title='bbox 891 673 1069 739; x_wconf 89' lang='lat' dir='ltr'><strong>remotis</strong></span> <span class='ocrx_word' id='word_1_36' title='bbox 1089 678 1148 743; x_wconf 91' lang='lat' dir='ltr'><strong>at·</strong></span> 
     </span>
     <span class='ocr_line' id='line_1_6' title="bbox 47 778 1147 869; baseline 0.012 -23"><span class='ocrx_word' id='word_1_37' title='bbox 47 799 148 869; x_wconf 80' lang='lat' dir='ltr'><strong>qno</strong></span> <span class='ocrx_word' id='word_1_38' title='bbox 181 778 378 849; x_wconf 76' lang='lat' dir='ltr'><strong>exclusis</strong></span> <span class='ocrx_word' id='word_1_39' title='bbox 408 780 761 855; x_wconf 77' lang='lat' dir='ltr'><strong>dubitationibus.</strong></span> <span class='ocrx_word' id='word_1_40' title='bbox 810 785 914 854; x_wconf 89' lang='lat' dir='ltr'><strong>Plane</strong></span> <span class='ocrx_word' id='word_1_41' title='bbox 941 788 990 855; x_wconf 87' lang='lat' dir='ltr'><strong>ita</strong></span> <span class='ocrx_word' id='word_1_42' title='bbox 1008 788 1147 859; x_wconf 86' lang='lat' dir='ltr'><strong>Herme-</strong></span> 
     </span>
     <span class='ocr_line' id='line_1_7' title="bbox 50 896 1147 983; baseline 0.01 -18"><span class='ocrx_word' id='word_1_43' title='bbox 50 898 159 983; x_wconf 79' lang='lat' dir='ltr'><strong>sins,</strong></span> <span class='ocrx_word' id='word_1_44' title='bbox 184 917 253 965; x_wconf 89' lang='lat' dir='ltr'><strong>non</strong></span> <span class='ocrx_word' id='word_1_45' title='bbox 279 896 389 969; x_wconf 86' lang='lat' dir='ltr'><strong>solnm</strong></span> <span class='ocrx_word' id='word_1_46' title='bbox 414 896 473 965; x_wconf 89' lang='lat' dir='ltr'><strong>ubi</strong></span> <span class='ocrx_word' id='word_1_47' title='bbox 501 899 661 969; x_wconf 86' lang='lat' dir='ltr'><strong>disertam</strong></span> <span class='ocrx_word' id='word_1_48' title='bbox 688 900 966 973; x_wconf 88' lang='lat' dir='ltr'><strong>fideiuniversae</strong></span> <span class='ocrx_word' id='word_1_49' title='bbox 987 903 1147 977; x_wconf 81' lang='lat' dir='ltr'><strong>definitio·</strong></span> 
     </span>
     <span class='ocr_line' id='line_1_8' title="bbox 53 1016 1148 1119; baseline 0.007 -34"><span class='ocrx_word' id='word_1_50' title='bbox 53 1037 144 1085; x_wconf 86' lang='lat' dir='ltr'><strong>nem</strong></span> <span class='ocrx_word' id='word_1_51' title='bbox 163 1019 332 1105; x_wconf 81' lang='lat' dir='ltr'><strong>proponit,</strong></span> <span class='ocrx_word' id='word_1_52' title='bbox 353 1021 392 1084; x_wconf 93' lang='lat' dir='ltr'><strong>ut</strong></span> <span class='ocrx_word' id='word_1_53' title='bbox 411 1018 447 1119; x_wconf 89' lang='lat' dir='ltr'><strong>in</strong></span> <span class='ocrx_word' id='word_1_54' title='bbox 465 1016 649 1087; x_wconf 76' lang='lat' dir='ltr'><strong>introduct</strong></span> <span class='ocrx_word' id='word_1_55' title='bbox 671 1019 796 1088; x_wconf 88' lang='lat' dir='ltr'><strong>Philos.</strong></span> <span class='ocrx_word' id='word_1_56' title='bbox 821 1017 849 1110; x_wconf 98' lang='grc'><strong>6</strong></span> <span class='ocrx_word' id='word_1_57' title='bbox 872 1025 936 1107; x_wconf 70' lang='lat' dir='ltr'><strong>bd,</strong></span> <span class='ocrx_word' id='word_1_58' title='bbox 963 1024 1028 1092; x_wconf 87' lang='lat' dir='ltr'><strong>sed</strong></span> <span class='ocrx_word' id='word_1_59' title='bbox 1048 1026 1148 1095; x_wconf 89' lang='lat' dir='ltr'><strong>etium</strong></span> 
     </span>
     <span class='ocr_line' id='line_1_9' title="bbox 54 1130 1146 1221; baseline 0.007 -18"><span class='ocrx_word' id='word_1_60' title='bbox 54 1134 142 1203; x_wconf 88' lang='lat' dir='ltr'><strong>aliis</strong></span> <span class='ocrx_word' id='word_1_61' title='bbox 163 1134 252 1203; x_wconf 87' lang='lat' dir='ltr'><strong>locis</strong></span> <span class='ocrx_word' id='word_1_62' title='bbox 270 1130 469 1219; x_wconf 83' lang='lat' dir='ltr'><strong>innumeris,</strong></span> <span class='ocrx_word' id='word_1_63' title='bbox 484 1135 544 1203; x_wconf 90' lang='lat' dir='ltr'><strong>ubi</strong></span> <span class='ocrx_word' id='word_1_64' title='bbox 564 1136 685 1206; x_wconf 86' lang='lat' dir='ltr'><strong>eodem</strong></span> <span class='ocrx_word' id='word_1_65' title='bbox 699 1139 871 1221; x_wconf 27' lang='lat' dir='ltr'><strong>,vocabulo</strong></span> <span class='ocrx_word' id='word_1_66' title='bbox 893 1143 996 1213; x_wconf 89' lang='lat' dir='ltr'><strong>utitur</strong></span> <span class='ocrx_word' id='word_1_67' title='bbox 1017 1143 1146 1211; x_wconf 81' lang='lat' dir='ltr'><strong>ferente</strong></span> 
     </span>
     <span class='ocr_line' id='line_1_10' title="bbox 58 1253 1149 1327; baseline 0.004 -6"><span class='ocrx_word' id='word_1_68' title='bbox 58 1253 233 1321; x_wconf 84' lang='lat' dir='ltr'><strong>orationis</strong></span> <span class='ocrx_word' id='word_1_69' title='bbox 258 1257 427 1321; x_wconf 86' lang='lat' dir='ltr'><strong>contextu.</strong></span> <span class='ocrx_word' id='word_1_70' title='bbox 460 1254 526 1321; x_wconf 83' lang='lat' dir='ltr'><strong>.An</strong></span> <span class='ocrx_word' id='word_1_71' title='bbox 546 1253 698 1323; x_wconf 86' lang='lat' dir='ltr'><strong>dicamus</strong></span> <span class='ocrx_word' id='word_1_72' title='bbox 724 1257 849 1326; x_wconf 86' lang='lat' dir='ltr'><strong>nullum</strong></span> <span class='ocrx_word' id='word_1_73' title='bbox 877 1258 1044 1327; x_wconf 86' lang='lat' dir='ltr'><strong>essehoc</strong></span> <span class='ocrx_word' id='word_1_74' title='bbox 1070 1256 1149 1327; x_wconf 85' lang='lat' dir='ltr'><strong>fidei</strong></span> 
     </span>
     <span class='ocr_line' id='line_1_11' title="bbox 61 1367 1148 1468; baseline 0.006 -29"><span class='ocrx_word' id='word_1_75' title='bbox 61 1367 228 1459; x_wconf 73' lang='lat' dir='ltr'><strong>genus?</strong></span> <span class='ocrx_word' id='word_1_76' title='bbox 247 1376 305 1441; x_wconf 87' lang='lat' dir='ltr'><strong>ant</strong></span> <span class='ocrx_word' id='word_1_77' title='bbox 322 1374 494 1461; x_wconf 86' lang='lat' dir='ltr'><strong>pauciora,</strong></span> <span class='ocrx_word' id='word_1_78' title='bbox 515 1394 616 1460; x_wconf 82' lang='lat' dir='ltr'><strong>quum</strong></span> <span class='ocrx_word' id='word_1_79' title='bbox 635 1396 698 1462; x_wconf 87' lang='lat' dir='ltr'><strong>par</strong></span> <span class='ocrx_word' id='word_1_80' title='bbox 718 1384 783 1462; x_wconf 83' lang='lat' dir='ltr'><strong>est,</strong></span> <span class='ocrx_word' id='word_1_81' title='bbox 806 1375 1010 1468; x_wconf 69' lang='lat' dir='ltr'><strong>complectit</strong></span> <span class='ocrx_word' id='word_1_82' title='bbox 1029 1381 1079 1446; x_wconf 87' lang='lat' dir='ltr'><strong>At</strong></span> <span class='ocrx_word' id='word_1_83' title='bbox 1089 1398 1148 1445; x_wconf 86' lang='lat' dir='ltr'><strong>ns-</strong></span> 
     </span>
     <span class='ocr_line' id='line_1_12' title="bbox 59 1487 1148 1584; baseline 0.004 -27"><span class='ocrx_word' id='word_1_84' title='bbox 59 1511 122 1559; x_wconf 88' lang='lat' dir='ltr'><strong>mo</strong></span> <span class='ocrx_word' id='word_1_85' title='bbox 143 1494 446 1579; x_wconf 77' lang='lat' dir='ltr'><strong>unquamnegavit</strong></span> <span class='ocrx_word' id='word_1_86' title='bbox 465 1487 680 1579; x_wconf 84' lang='lat' dir='ltr'><strong>multiplicem</strong></span> <span class='ocrx_word' id='word_1_87' title='bbox 708 1492 787 1563; x_wconf 86' lang='lat' dir='ltr'><strong>fidei</strong></span> <span class='ocrx_word' id='word_1_88' title='bbox 800 1566 803 1570; x_wconf 76' lang='grc'><strong>,</strong></span> <span class='ocrx_word' id='word_1_89' title='bbox 815 1498 966 1584; x_wconf 85' lang='lat' dir='ltr'><strong>speciem</strong></span> <span class='ocrx_word' id='word_1_90' title='bbox 986 1497 1060 1564; x_wconf 87' lang='lat' dir='ltr'><strong>sive</strong></span> <span class='ocrx_word' id='word_1_91' title='bbox 1080 1493 1148 1562; x_wconf 80' lang='lat' dir='ltr'><strong>toi·</strong></span> 
     </span>
     <span class='ocr_line' id='line_1_13' title="bbox 60 1609 1149 1701; baseline 0.007 -26"><span class='ocrx_word' id='word_1_92' title='bbox 60 1629 153 1675; x_wconf 90' lang='lat' dir='ltr'><strong>mam</strong></span> <span class='ocrx_word' id='word_1_93' title='bbox 183 1628 282 1693; x_wconf 83' lang='lat' dir='ltr'><strong>esso,</strong></span> <span class='ocrx_word' id='word_1_94' title='bbox 319 1609 421 1699; x_wconf 85' lang='lat' dir='ltr'><strong>idque</strong></span> <span class='ocrx_word' id='word_1_95' title='bbox 442 1611 552 1697; x_wconf 89' lang='lat' dir='ltr'><strong>ipsum</strong></span> <span class='ocrx_word' id='word_1_96' title='bbox 574 1617 610 1678; x_wconf 89' lang='lat' dir='ltr'><strong>et</strong></span> <span class='ocrx_word' id='word_1_97' title='bbox 629 1615 664 1679; x_wconf 91' lang='lat' dir='ltr'><strong>in</strong></span> <span class='ocrx_word' id='word_1_98' title='bbox 685 1616 793 1682; x_wconf 87' lang='lat' dir='ltr'><strong>sacris</strong></span> <span class='ocrx_word' id='word_1_99' title='bbox 822 1614 941 1683; x_wconf 84' lang='lat' dir='ltr'><strong>litteris</strong></span> <span class='ocrx_word' id='word_1_100' title='bbox 963 1635 1067 1701; x_wconf 87' lang='lat' dir='ltr'><strong>saepe</strong></span> <span class='ocrx_word' id='word_1_101' title='bbox 1089 1632 1149 1683; x_wconf 74' lang='lat' dir='ltr'><strong>ex·</strong></span> 
     </span>
     <span class='ocr_line' id='line_1_14' title="bbox 62 1716 1149 1817; baseline 0.004 -22"><span class='ocrx_word' id='word_1_102' title='bbox 62 1749 224 1815; x_wconf 86' lang='lat' dir='ltr'><strong>pressum</strong></span> <span class='ocrx_word' id='word_1_103' title='bbox 252 1733 319 1812; x_wconf 82' lang='lat' dir='ltr'><strong>est,</strong></span> <span class='ocrx_word' id='word_1_104' title='bbox 349 1716 386 1797; x_wconf 85' lang='lat' dir='ltr'><strong>et</strong></span> <span class='ocrx_word' id='word_1_105' title='bbox 413 1730 449 1795; x_wconf 93' lang='lat' dir='ltr'><strong>in</strong></span> <span class='ocrx_word' id='word_1_106' title='bbox 476 1726 691 1797; x_wconf 76' lang='lat' dir='ltr'><strong>catechismo</strong></span> <span class='ocrx_word' id='word_1_107' title='bbox 715 1733 867 1799; x_wconf 87' lang='lat' dir='ltr'><strong>Romano</strong></span> <span class='ocrx_word' id='word_1_108' title='bbox 891 1731 941 1817; x_wconf 88' lang='lat' dir='ltr'><strong>(P.</strong></span> <span class='ocrx_word' id='word_1_109' title='bbox 963 1731 989 1798; x_wconf 89' lang='lat'><strong>1.</strong></span> <span class='ocrx_word' id='word_1_110' title='bbox 1012 1752 1086 1817; x_wconf 86' lang='lat' dir='ltr'><strong>cap.</strong></span> <span class='ocrx_word' id='word_1_111' title='bbox 1110 1731 1149 1813; x_wconf 90' lang='lat'><strong>1)</strong></span> 
     </span>
     <span class='ocr_line' id='line_1_15' title="bbox 65 1845 1149 1936; baseline -0.002 -22"><span class='ocrx_word' id='word_1_112' title='bbox 65 1853 185 1935; x_wconf 86' lang='lat' dir='ltr'><strong>aperte</strong></span> <span class='ocrx_word' id='word_1_113' title='bbox 213 1847 409 1923; x_wconf 76' lang='lat' dir='ltr'><strong>contessum</strong></span> <span class='ocrx_word' id='word_1_114' title='bbox 435 1845 606 1916; x_wconf 88' lang='lat' dir='ltr'><strong>babemus.</strong></span> <span class='ocrx_word' id='word_1_115' title='bbox 650 1851 807 1919; x_wconf 80' lang='lat' dir='ltr'><strong>Necesse</strong></span> <span class='ocrx_word' id='word_1_116' title='bbox 835 1854 890 1916; x_wconf 87' lang='lat' dir='ltr'><strong>est</strong></span> <span class='ocrx_word' id='word_1_117' title='bbox 908 1849 1026 1936; x_wconf 82' lang='lat' dir='ltr'><strong>igitur,</strong></span> <span class='ocrx_word' id='word_1_118' title='bbox 1056 1847 1149 1921; x_wconf 84' lang='lat' dir='ltr'><strong>utin</strong></span> 
     </span>
     <span class='ocr_line' id='line_1_16' title="bbox 65 1964 1148 2053; baseline -0.005 -20"><span class='ocrx_word' id='word_1_119' title='bbox 65 1965 124 2033; x_wconf 84' lang='lat' dir='ltr'><strong>bis</strong></span> <span class='ocrx_word' id='word_1_120' title='bbox 144 1965 285 2053; x_wconf 71' lang='lat' dir='ltr'><strong>siugulis</strong></span> <span class='ocrx_word' id='word_1_121' title='bbox 304 1966 420 2035; x_wconf 75' lang='lat' dir='ltr'><strong>formis</strong></span> <span class='ocrx_word' id='word_1_122' title='bbox 440 1964 564 2053; x_wconf 79' lang='lat' dir='ltr'><strong>aliquid</strong></span> <span class='ocrx_word' id='word_1_123' title='bbox 585 1986 758 2035; x_wconf 90' lang='lat' dir='ltr'><strong>commune</strong></span> <span class='ocrx_word' id='word_1_124' title='bbox 780 1967 842 2049; x_wconf 89' lang='lat' dir='ltr'><strong>sit,</strong></span> <span class='ocrx_word' id='word_1_125' title='bbox 870 1987 937 2052; x_wconf 89' lang='lat' dir='ltr'><strong>quo</strong></span> <span class='ocrx_word' id='word_1_126' title='bbox 961 1970 1069 2030; x_wconf 90' lang='lat' dir='ltr'><strong>totum</strong></span> <span class='ocrx_word' id='word_1_127' title='bbox 1089 1983 1148 2049; x_wconf 79' lang='lat' dir='ltr'><strong>ge·</strong></span> 
     </span>
     <span class='ocr_line' id='line_1_17' title="bbox 70 2076 1149 2167; baseline 0.003 -17"><span class='ocrx_word' id='word_1_128' title='bbox 70 2103 139 2150; x_wconf 88' lang='lat' dir='ltr'><strong>nus</strong></span> <span class='ocrx_word' id='word_1_129' title='bbox 158 2080 403 2167; x_wconf 75' lang='lat' dir='ltr'><strong>nonbctitium,</strong></span> <span class='ocrx_word' id='word_1_130' title='bbox 425 2083 489 2151; x_wconf 92' lang='lat' dir='ltr'><strong>scd</strong></span> <span class='ocrx_word' id='word_1_131' title='bbox 509 2105 626 2151; x_wconf 86' lang='lat' dir='ltr'><strong>verum</strong></span> <span class='ocrx_word' id='word_1_132' title='bbox 637 2090 673 2154; x_wconf 90' lang='lat' dir='ltr'><strong>ct</strong></span> <span class='ocrx_word' id='word_1_133' title='bbox 682 2082 771 2154; x_wconf 84' lang='lat' dir='ltr'><strong>reale</strong></span> <span class='ocrx_word' id='word_1_134' title='bbox 793 2085 1026 2151; x_wconf 84' lang='lat' dir='ltr'><strong>constituatur.</strong></span> <span class='ocrx_word' id='word_1_135' title='bbox 1057 2076 1149 2163; x_wconf 72' lang='lat' dir='ltr'><strong>Quid</strong></span> 
     </span>
     <span class='ocr_line' id='line_1_18' title="bbox 69 2199 1148 2293; baseline 0 -24"><span class='ocrx_word' id='word_1_136' title='bbox 69 2207 186 2271; x_wconf 86' lang='lat' dir='ltr'><strong>antem</strong></span> <span class='ocrx_word' id='word_1_137' title='bbox 211 2201 248 2269; x_wconf 75' lang='lat' dir='ltr'><strong>ot</strong></span> <span class='ocrx_word' id='word_1_138' title='bbox 272 2199 370 2289; x_wconf 84' lang='lat' dir='ltr'><strong>quale</strong></span> <span class='ocrx_word' id='word_1_139' title='bbox 398 2204 446 2270; x_wconf 90' lang='lat' dir='ltr'><strong>sit</strong></span> <span class='ocrx_word' id='word_1_140' title='bbox 476 2202 569 2293; x_wconf 85' lang='lat' dir='ltr'><strong>istud</strong></span> <span class='ocrx_word' id='word_1_141' title='bbox 598 2223 788 2286; x_wconf 90' lang='lat' dir='ltr'><strong>commune,</strong></span> <span class='ocrx_word' id='word_1_142' title='bbox 820 2204 852 2271; x_wconf 90' lang='lat' dir='ltr'><strong>si</strong></span> <span class='ocrx_word' id='word_1_143' title='bbox 880 2199 961 2272; x_wconf 86' lang='lat' dir='ltr'><strong>illud</strong></span> <span class='ocrx_word' id='word_1_144' title='bbox 987 2220 1055 2268; x_wconf 89' lang='lat' dir='ltr'><strong>uon</strong></span> <span class='ocrx_word' id='word_1_145' title='bbox 1082 2203 1148 2282; x_wconf 75' lang='lat' dir='ltr'><strong>eet,</strong></span> 
     </span>
     <span class='ocr_line' id='line_1_19' title="bbox 63 2318 1150 2410; baseline -0.006 -21"><span class='ocrx_word' id='word_1_146' title='bbox 63 2319 162 2410; x_wconf 81' lang='lat' dir='ltr'><strong>qnod</strong></span> <span class='ocrx_word' id='word_1_147' title='bbox 182 2340 285 2408; x_wconf 85' lang='lat' dir='ltr'><strong>supra</strong></span> <span class='ocrx_word' id='word_1_148' title='bbox 305 2319 376 2409; x_wconf 84' lang='lat' dir='ltr'><strong>dixi</strong></span> <span class='ocrx_word' id='word_1_149' title='bbox 397 2342 442 2388; x_wconf 82' lang='lat' dir='ltr'><strong>ex</strong></span> <span class='ocrx_word' id='word_1_150' title='bbox 462 2320 629 2389; x_wconf 88' lang='lat' dir='ltr'><strong>Hermesii</strong></span> <span class='ocrx_word' id='word_1_151' title='bbox 650 2322 827 2405; x_wconf 84' lang='lat' dir='ltr'><strong>sententia,</strong></span> <span class='ocrx_word' id='word_1_152' title='bbox 849 2318 949 2407; x_wconf 89' lang='lat' dir='ltr'><strong>plane</strong></span> <span class='ocrx_word' id='word_1_153' title='bbox 970 2318 1082 2385; x_wconf 81' lang='lat' dir='ltr'><strong>fateor</strong></span> <span class='ocrx_word' id='word_1_154' title='bbox 1095 2338 1150 2384; x_wconf 92' lang='lat' dir='ltr'><strong>me</strong></span> 
     </span>
     <span class='ocr_line' id='line_1_20' title="bbox 63 2437 1149 2539; baseline -0.007 -32"><span class='ocrx_word' id='word_1_155' title='bbox 63 2442 231 2529; x_wconf 80' lang='lat' dir='ltr'><strong>ignorare.</strong></span> <span class='ocrx_word' id='word_1_156' title='bbox 251 2437 429 2509; x_wconf 81' lang='lat' dir='ltr'><strong>Praeclare</strong></span> <span class='ocrx_word' id='word_1_157' title='bbox 450 2441 485 2506; x_wconf 94' lang='lat' dir='ltr'><strong>in</strong></span> <span class='ocrx_word' id='word_1_158' title='bbox 505 2439 592 2507; x_wconf 87' lang='lat' dir='ltr'><strong>hanc</strong></span> <span class='ocrx_word' id='word_1_159' title='bbox 613 2461 683 2508; x_wconf 90' lang='lat' dir='ltr'><strong>rem</strong></span> <span class='ocrx_word' id='word_1_160' title='bbox 706 2437 940 2539; x_wconf 60' lang='lat' dir='ltr'><strong>catechismus</strong></span> <span class='ocrx_word' id='word_1_161' title='bbox 961 2438 1149 2527; x_wconf 78' lang='lat' dir='ltr'><strong>Romanus:</strong></span> 
     </span>
     <span class='ocr_line' id='line_1_21' title="bbox 64 2554 1149 2646; baseline -0.005 -22"><span class='ocrx_word' id='word_1_162' title='bbox 64 2557 204 2644; x_wconf 79' lang='lat' dir='ltr'><strong>„Fides</strong></span> <span class='ocrx_word' id='word_1_163' title='bbox 224 2580 425 2646; x_wconf 74' lang='lat' dir='ltr'><strong>quamquam</strong></span> <span class='ocrx_word' id='word_1_164' title='bbox 445 2558 512 2626; x_wconf 90' lang='lat' dir='ltr'><strong>late</strong></span> <span class='ocrx_word' id='word_1_165' title='bbox 532 2564 649 2645; x_wconf 88' lang='lat' dir='ltr'><strong>pateat</strong></span> <span class='ocrx_word' id='word_1_166' title='bbox 670 2564 706 2627; x_wconf 94' lang='lat' dir='ltr'><strong>et</strong></span> <span class='ocrx_word' id='word_1_167' title='bbox 730 2558 957 2646; x_wconf 85' lang='lat' dir='ltr'><strong>magnitudine</strong></span> <span class='ocrx_word' id='word_1_168' title='bbox 978 2576 1021 2621; x_wconf 89' lang='lat' dir='ltr'><strong>ac</strong></span> <span class='ocrx_word' id='word_1_169' title='bbox 1043 2554 1149 2641; x_wconf 81' lang='lat' dir='ltr'><strong>digni·</strong></span> 
     </span>
     <span class='ocr_line' id='line_1_22' title="bbox 61 2669 1151 2763; baseline -0.009 -16"><span class='ocrx_word' id='word_1_170' title='bbox 61 2683 140 2747; x_wconf 80' lang='lat' dir='ltr'><strong>tate</strong></span> <span class='ocrx_word' id='word_1_171' title='bbox 161 2676 308 2762; x_wconf 81' lang='lat' dir='ltr'><strong>differat3</strong></span> <span class='ocrx_word' id='word_1_172' title='bbox 328 2682 441 2744; x_wconf 89' lang='lat' dir='ltr'><strong>tamen</strong></span> <span class='ocrx_word' id='word_1_173' title='bbox 461 2684 517 2745; x_wconf 89' lang='lat' dir='ltr'><strong>est</strong></span> <span class='ocrx_word' id='word_1_174' title='bbox 537 2677 643 2744; x_wconf 87' lang='lat' dir='ltr'><strong>idem</strong></span> <span class='ocrx_word' id='word_1_175' title='bbox 664 2697 829 2763; x_wconf 81' lang='lat' dir='ltr'><strong>genere,</strong></span> <span class='ocrx_word' id='word_1_176' title='bbox 851 2681 887 2741; x_wconf 87' lang='lat' dir='ltr'><strong>et</strong></span> <span class='ocrx_word' id='word_1_177' title='bbox 908 2674 1052 2741; x_wconf 83' lang='lat' dir='ltr'><strong>diversis</strong></span> <span class='ocrx_word' id='word_1_178' title='bbox 1074 2669 1151 2738; x_wconf 89' lang='lat' dir='ltr'><strong>fidei</strong></span> 
     </span>
     <span class='ocr_line' id='line_1_23' title="bbox 65 2788 1151 2885; baseline -0.009 -21"><span class='ocrx_word' id='word_1_179' title='bbox 65 2794 230 2884; x_wconf 74' lang='lat' dir='ltr'><strong>gmuuur</strong></span> <span class='ocrx_word' id='word_1_180' title='bbox 251 2798 412 2885; x_wconf 83' lang='lat' dir='ltr'><strong>(itemque</strong></span> <span class='ocrx_word' id='word_1_181' title='bbox 434 2796 578 2865; x_wconf 82' lang='lat' dir='ltr'><strong>diversis</strong></span> <span class='ocrx_word' id='word_1_182' title='bbox 597 2794 676 2862; x_wconf 87' lang='lat' dir='ltr'><strong>fidei</strong></span> <span class='ocrx_word' id='word_1_183' title='bbox 695 2795 825 2880; x_wconf 82' lang='lat' dir='ltr'><strong>formis)</strong></span> <span class='ocrx_word' id='word_1_184' title='bbox 846 2791 987 2880; x_wconf 19' lang='lat' dir='ltr'><strong>essandem</strong></span> <span class='ocrx_word' id='word_1_185' title='bbox 1008 2788 1151 2858; x_wconf 84' lang='lat' dir='ltr'><strong>defini-</strong></span> 
     </span>
     <span class='ocr_line' id='line_1_24' title="bbox 66 2908 697 2985; baseline -0.008 0"><span class='ocrx_word' id='word_1_186' title='bbox 66 2916 205 2985; x_wconf 85' lang='lat' dir='ltr'><strong>tionis</strong></span> <span class='ocrx_word' id='word_1_187' title='bbox 224 2916 291 2984; x_wconf 82' lang='lat' dir='ltr'><strong>vis</strong></span> <span class='ocrx_word' id='word_1_188' title='bbox 313 2908 357 2983; x_wconf 85' lang='lat' dir='ltr'><strong>et</strong></span> <span class='ocrx_word' id='word_1_189' title='bbox 373 2916 484 2982; x_wconf 80' lang='lat' dir='ltr'><strong>ratio</strong></span> <span class='ocrx_word' id='word_1_190' title='bbox 506 2915 697 2981; x_wconf 84' lang='lat' dir='ltr'><strong>convenit“</strong></span> 
     </span>
    </p>

    <p class='ocr_par' dir='ltr' id='par_1_3' title="bbox 65 3025 1155 3712">
     <span class='ocr_line' id='line_1_25' title="bbox 154 3025 1154 3121; baseline -0.013 -20"><span class='ocrx_word' id='word_1_191' title='bbox 154 3030 230 3101; x_wconf 82' lang='lat' dir='ltr'><strong>Sed</strong></span> <span class='ocrx_word' id='word_1_192' title='bbox 259 3036 367 3100; x_wconf 87' lang='lat' dir='ltr'><strong>totum</strong></span> <span class='ocrx_word' id='word_1_193' title='bbox 398 3053 506 3121; x_wconf 83' lang='lat' dir='ltr'><strong>genus</strong></span> <span class='ocrx_word' id='word_1_194' title='bbox 536 3031 618 3099; x_wconf 91' lang='lat' dir='ltr'><strong>illud</strong></span> <span class='ocrx_word' id='word_1_195' title='bbox 644 3027 853 3098; x_wconf 78' lang='lat' dir='ltr'><strong>multifariam</strong></span> <span class='ocrx_word' id='word_1_196' title='bbox 881 3025 1090 3093; x_wconf 81' lang='lat' dir='ltr'><strong>distribuitur</strong></span> <span class='ocrx_word' id='word_1_197' title='bbox 1116 3028 1154 3121; x_wconf 83' lang='lat' dir='ltr'><strong>et</strong></span> 
     </span>
     <span class='ocr_line' id='line_1_26' title="bbox 65 3133 1153 3239; baseline -0.01 -19"><span class='ocrx_word' id='word_1_198' title='bbox 65 3152 267 3220; x_wconf 85' lang='lat' dir='ltr'><strong>diversas</strong></span> <span class='ocrx_word' id='word_1_199' title='bbox 287 3151 442 3219; x_wconf 78' lang='lat' dir='ltr'><strong>formas</strong></span> <span class='ocrx_word' id='word_1_200' title='bbox 462 3133 578 3235; x_wconf 82' lang='lat' dir='ltr'><strong>habet,</strong></span> <span class='ocrx_word' id='word_1_201' title='bbox 592 3145 1016 3239; x_wconf 81' lang='lat' dir='ltr'><strong>quasHermcsiuspartim</strong></span> <span class='ocrx_word' id='word_1_202' title='bbox 1026 3142 1153 3211; x_wconf 82' lang='lat' dir='ltr'><strong>diserte</strong></span> 
     </span>
     <span class='ocr_line' id='line_1_27' title="bbox 72 3263 1153 3358; baseline -0.01 -21"><span class='ocrx_word' id='word_1_203' title='bbox 72 3266 237 3357; x_wconf 83' lang='lat' dir='ltr'><strong>explicat,</strong></span> <span class='ocrx_word' id='word_1_204' title='bbox 258 3271 380 3358; x_wconf 86' lang='lat' dir='ltr'><strong>partim</strong></span> <span class='ocrx_word' id='word_1_205' title='bbox 399 3277 438 3338; x_wconf 91' lang='lat' dir='ltr'><strong>nt</strong></span> <span class='ocrx_word' id='word_1_206' title='bbox 458 3275 559 3338; x_wconf 88' lang='lat' dir='ltr'><strong>notas</strong></span> <span class='ocrx_word' id='word_1_207' title='bbox 580 3269 734 3338; x_wconf 89' lang='lat' dir='ltr'><strong>omnibns</strong></span> <span class='ocrx_word' id='word_1_208' title='bbox 754 3267 857 3335; x_wconf 88' lang='lat' dir='ltr'><strong>sumit</strong></span> <span class='ocrx_word' id='word_1_209' title='bbox 877 3270 913 3332; x_wconf 88' lang='lat' dir='ltr'><strong>et</strong></span> <span class='ocrx_word' id='word_1_210' title='bbox 934 3263 1013 3329; x_wconf 86' lang='lat' dir='ltr'><strong>data</strong></span> <span class='ocrx_word' id='word_1_211' title='bbox 1033 3282 1153 3349; x_wconf 88' lang='lat' dir='ltr'><strong>oppor-</strong></span> 
     </span>
     <span class='ocr_line' id='line_1_28' title="bbox 70 3378 1155 3473; baseline -0.011 -16"><span class='ocrx_word' id='word_1_212' title='bbox 70 3390 217 3457; x_wconf 87' lang='lat' dir='ltr'><strong>tunitate</strong></span> <span class='ocrx_word' id='word_1_213' title='bbox 247 3396 501 3473; x_wconf 83' lang='lat' dir='ltr'><strong>commemorat,</strong></span> <span class='ocrx_word' id='word_1_214' title='bbox 532 3390 582 3455; x_wconf 90' lang='lat' dir='ltr'><strong>ita</strong></span> <span class='ocrx_word' id='word_1_215' title='bbox 602 3393 731 3471; x_wconf 88' lang='lat' dir='ltr'><strong>tamen,</strong></span> <span class='ocrx_word' id='word_1_216' title='bbox 748 3391 803 3453; x_wconf 83' lang='lat' dir='ltr'><strong>ut</strong></span> <span class='ocrx_word' id='word_1_217' title='bbox 823 3384 958 3472; x_wconf 84' lang='lat' dir='ltr'><strong>propria</strong></span> <span class='ocrx_word' id='word_1_218' title='bbox 977 3378 1155 3453; x_wconf 85' lang='lat' dir='ltr'><strong>verborum</strong></span> 
     </span>
     <span class='ocr_line' id='line_1_29' title="bbox 69 3495 1155 3593; baseline -0.01 -18"><span class='ocrx_word' id='word_1_219' title='bbox 69 3509 130 3575; x_wconf 86' lang='lat' dir='ltr'><strong>vis</strong></span> <span class='ocrx_word' id='word_1_220' title='bbox 152 3510 189 3573; x_wconf 88' lang='lat' dir='ltr'><strong>et</strong></span> <span class='ocrx_word' id='word_1_221' title='bbox 208 3527 289 3575; x_wconf 87' lang='lat' dir='ltr'><strong>vera</strong></span> <span class='ocrx_word' id='word_1_222' title='bbox 309 3509 465 3593; x_wconf 77' lang='lat' dir='ltr'><strong>auctoris</strong></span> <span class='ocrx_word' id='word_1_223' title='bbox 492 3507 660 3575; x_wconf 83' lang='lat' dir='ltr'><strong>sententia</strong></span> <span class='ocrx_word' id='word_1_224' title='bbox 680 3525 747 3573; x_wconf 90' lang='lat' dir='ltr'><strong>non</strong></span> <span class='ocrx_word' id='word_1_225' title='bbox 768 3500 867 3570; x_wconf 83' lang='lat' dir='ltr'><strong>facilc</strong></span> <span class='ocrx_word' id='word_1_226' title='bbox 888 3519 1088 3589; x_wconf 85' lang='lat' dir='ltr'><strong>quemquam</strong></span> <span class='ocrx_word' id='word_1_227' title='bbox 1107 3495 1155 3564; x_wconf 85' lang='lat' dir='ltr'><strong>la-</strong></span> 
     </span>
     <span class='ocr_line' id='line_1_30' title="bbox 71 3626 429 3712; baseline -0.011 -18"><span class='ocrx_word' id='word_1_228' title='bbox 71 3628 150 3694; x_wconf 82' lang='lat' dir='ltr'><strong>tore</strong></span> <span class='ocrx_word' id='word_1_229' title='bbox 170 3626 292 3712; x_wconf 86' lang='lat' dir='ltr'><strong>possit</strong></span> <span class='ocrx_word' id='word_1_230' title='bbox 426 3642 429 3648; x_wconf 87' lang='lat'>·</span> 
     </span>
    </p>

    <p class='ocr_par' dir='ltr' id='par_1_4' title="bbox 18 3730 1160 4065">
     <span class='ocr_line' id='line_1_31' title="bbox 18 3730 1157 3830; baseline -0.011 -17"><span class='ocrx_word' id='word_1_231' title='bbox 18 3732 20 3739; x_wconf 32' lang='lat'><strong>¹</strong></span> <span class='ocrx_word' id='word_1_232' title='bbox 88 3792 95 3823; x_wconf 63' lang='grc'><strong>-,</strong></span> <span class='ocrx_word' id='word_1_233' title='bbox 159 3745 249 3811; x_wconf 83' lang='lat' dir='ltr'><strong>Nam</strong></span> <span class='ocrx_word' id='word_1_234' title='bbox 271 3744 303 3810; x_wconf 87' lang='lat' dir='ltr'><strong>si</strong></span> <span class='ocrx_word' id='word_1_235' title='bbox 322 3742 368 3809; x_wconf 88' lang='lat' dir='ltr'><strong>ad</strong></span> <span class='ocrx_word' id='word_1_236' title='bbox 388 3741 541 3812; x_wconf 84' lang='lat' dir='ltr'><strong>iontem</strong></span> <span class='ocrx_word' id='word_1_237' title='bbox 560 3746 773 3830; x_wconf 85' lang='lat' dir='ltr'><strong>spectamus,</strong></span> <span class='ocrx_word' id='word_1_238' title='bbox 803 3735 889 3803; x_wconf 85' lang='lat' dir='ltr'><strong>fides</strong></span> <span class='ocrx_word' id='word_1_239' title='bbox 910 3741 967 3821; x_wconf 85' lang='lat' dir='ltr'><strong>est</strong></span> <span class='ocrx_word' id='word_1_240' title='bbox 987 3740 1056 3802; x_wconf 86' lang='lat' dir='ltr'><strong>aut¹</strong></span> <span class='ocrx_word' id='word_1_241' title='bbox 1070 3730 1157 3820; x_wconf 89' lang='lat' dir='ltr'><strong>pbi-</strong></span> 
     </span>
     <span class='ocr_line' id='line_1_32' title="bbox 73 3853 1160 3952; baseline -0.013 -23"><span class='ocrx_word' id='word_1_242' title='bbox 73 3862 306 3952; x_wconf 80' lang='lat' dir='ltr'><strong>losephioa</strong></span> <span class='ocrx_word' id='word_1_243' title='bbox 336 3868 395 3929; x_wconf 88' lang='lat' dir='ltr'><strong>aut</strong></span> <span class='ocrx_word' id='word_1_244' title='bbox 420 3862 617 3949; x_wconf 83' lang='lat' dir='ltr'><strong>positiva.</strong></span> <span class='ocrx_word' id='word_1_245' title='bbox 660 3857 919 3945; x_wconf 76' lang='lat' dir='ltr'><strong>Philosopliicae</strong></span> <span class='ocrx_word' id='word_1_246' title='bbox 941 3853 1027 3923; x_wconf 88' lang='lat' dir='ltr'><strong>haec</strong></span> <span class='ocrx_word' id='word_1_247' title='bbox 1047 3854 1103 3919; x_wconf 85' lang='lat' dir='ltr'><strong>vis</strong></span> <span class='ocrx_word' id='word_1_248' title='bbox 1123 3853 1160 3917; x_wconf 87' lang='lat' dir='ltr'><strong>et</strong></span> 
     </span>
     <span class='ocr_line' id='line_1_33' title="bbox 77 3968 1157 4065; baseline -0.013 -18"><span class='ocrx_word' id='word_1_249' title='bbox 77 3987 198 4048; x_wconf 87' lang='lat' dir='ltr'><strong>natura</strong></span> <span class='ocrx_word' id='word_1_250' title='bbox 227 3985 311 4064; x_wconf 79' lang='lat' dir='ltr'><strong>est,</strong></span> <span class='ocrx_word' id='word_1_251' title='bbox 329 3985 431 4047; x_wconf 84' lang='lat' dir='ltr'><strong>utex</strong></span> <span class='ocrx_word' id='word_1_252' title='bbox 457 3977 532 4046; x_wconf 87' lang='lat' dir='ltr'><strong>solu</strong></span> <span class='ocrx_word' id='word_1_253' title='bbox 560 3979 650 4063; x_wconf 76' lang='lat' dir='ltr'><strong>ciue,</strong></span> <span class='ocrx_word' id='word_1_254' title='bbox 679 3979 738 4065; x_wconf 84' lang='lat' dir='ltr'><strong>qui</strong></span> <span class='ocrx_word' id='word_1_255' title='bbox 765 3975 863 4046; x_wconf 85' lang='lat' dir='ltr'><strong>fidem</strong></span> <span class='ocrx_word' id='word_1_256' title='bbox 883 3973 1003 4057; x_wconf 85' lang='lat' dir='ltr'><strong>babet,</strong></span> <span class='ocrx_word' id='word_1_257' title='bbox 1031 3968 1157 4039; x_wconf 83' lang='lat' dir='ltr'><strong>ratione</strong></span> 
     </span>
    </p>
   </div>
   <div class='ocr_carea' id='block_1_3' title="bbox 0 0 1270 4792">
    <p class='ocr_par' dir='ltr' id='par_1_5' title="bbox 0 0 1270 4792">
     <span class='ocr_line' id='line_1_34' title="bbox 0 0 1270 4792; baseline 0 0"><span class='ocrx_word' id='word_1_258' title='bbox 0 0 1270 4792; x_wconf 95' lang='lat' dir='ltr'><strong> </strong></span> 
     </span>
    </p>
   </div>
  </div>
 </body>
</html>
