2514 4792
875 194 889 233 1

582 228 662 332 los
681 240 686 255 “

41 1088 47 1096 -
94 1042 247 1126 gnatum
288 1042 402 1126 Atque
422 1038 509 1106 haec
530 1039 664 1125 quidem
684 1036 871 1104 Perconius.

176 1155 245 1228 Est
264 1158 364 1243 igitur
384 1161 456 1225 tota
481 1153 701 1244 Gnestplralia
720 1152 914 1221 Socinianis
935 1154 1060 1240 atquc
1051 1172 1116 1219 noro

83 1273 217 1409 JQ
202 1273 341 1341 referta!
369 1272 587 1341 Personant
576 1294 611 1339 ιιι
635 1272 800 1339 Borussia
821 1268 960 1337 scholae
983 1269 1115 1338 catlnlne

92 1392 384 1479 perniciosissimis
384 1360 441 1458 et
459 1392 603 1458 maxime
622 1389 818 1457 acatholicis
840 1385 1117 1457 Socinianormt
1170 1387 1178 1448 1

95 1528 162 1594 que
181 1506 425 1575 incredulorum
446 1507 659 1575 commentis!
686 1544 731 1558 -
749 1543 793 1558 -
834 1503 925 1590 Sed,
955 1526 1075 1594 quaeso
1085 1506 1125 1587 le,

2 1618 23 1704 f
94 1624 246 1692 Perronil
268 1625 434 1691 undenam
453 1628 617 1713 accepisti
637 1624 701 1691 hos
715 1625 849 1706 nuntios
863 1625 1080 1711 tristissimos,
1096 1623 1130 1711 qu

36 1723 40 1732 ’
96 1745 128 1808 si
148 1744 220 1810 veri
240 1749 374 1827 essent,
401 1744 473 1810 iure
499 1744 731 1830 gravissimum
757 1741 835 1808 'libi
852 1742 1077 1833 omnibusque
1094 1739 1135 1809 oo

95 1858 230 1933 tholiois
251 1859 399 1928 dolorem
418 1856 625 1949 infligerent?
666 1850 812 1945 Vereor,
839 1878 883 1927 ne
904 1859 967 1926 as·
981 1861 1043 1929 illis
1066 1881 1139 1929 acce·

94 1980 188 2064 peris
207 1979 243 2045 in
263 1977 440 2047 Germania
458 1977 659 2062 hominibus,
681 1978 740 2066 qui
759 1978 1083 2047 Bautaenieuismum
1097 1978 1142 2046 ln·

96 2097 151 2183 gis
171 2093 585 2180 haustibus-imbiberunt,
613 2097 695 2183 quin
721 2096 821 2163 etiam
840 2096 1064 2164 Bautaenium
1079 2099 1142 2164 eim·
1176 2182 1178 2203 Ι

96 2228 166 2301 ¹que
201 2218 392 2282 sectatores
421 2235 498 2304 meu
528 2215 695 2280 sententia
729 2211 867 2281 mirifice
899 2213 1142 2301 superannqn·
1176 2212 1178 2273 l

94 2329 536 2415 ἸΙίιι1ἰοιι1111ιιιιιιιι111111,
566 2327 778 2398 minutius
814 2336 888 2415 est,
928 2326 1004 2421 qui'
1027 2330 1139 2417 Pelagio·
1176 2318 1178 2323 ¹

97 2449 239 2514 nismum
257 2448 390 2532 videnti
417 2447 607 2524 ubrznullus
634 2451 794 2537 est,1-qul
819 2450 1073 2535 Hermeslanam
1086 2448 1143 2516 loo·

99 2566 218 2629 trinam
264 2563 450 2633 incredibili
494 2566 594 2633 modo
639 2565 827 2633 lacerarunt
869 2575 974 2657 atque
1014 2573 1149 2642 deform-

100 2686 186 2747 runt
228 2680 504 2750 Potuisti-tamen
531 2682 635 2751 multo
660 2665 1074 2779 meliores-certioresque
1097 2690 1149 2756 lon

99 2803 156 2866 tes
178 2798 281 2884 adire,
309 2805 412 2889 atque
432 2799 498 2868 hoc
518 2800 606 2870 idem
627 2804 740 2870 facere
762 2805 862 2870 etiam
883 2828 973 2875 nnnc
996 2816 1052 2878 est
1070 2827 1151 2897 peno

98 2917 161 2984 Τι’.
204 2915 373 2986 Consules
402 2920 520 3025 igituir,
542 2921 585 2989 id
610 2922 684 2989 Te-
680 2942 792 3007 -rogo
788 2925 908 2997 etiam
924 2933 1055 3029 atoue·
1065 2928 1152 3006 stiunt,

100 3020 309 3125 Episcopum
336 3037 669 3127 lllonasterrensem‚
679 3020 836 3147 Pirum
830 3040 963 3147 summ'e
994 3043 1154 3147 Venerali

101 3153 183 3239 lem,
210 3134 427 3242 integerrima
445 3136 512 3241 ola
535 3126 705 3226 calholica
719 3126 769 3225 et
780 3138 933 3226 maxima
951 3183 1081 3230 morum
1098 3183 1155 3251 pro

102 3271 208 3338 bitate
229 3279 397 3359 ornatum,
419 3279 521 3362 atquc
543 3275 586 3342 ab
608 3296 650 3341 co
672 3275 803 3357 discas,
832 3277 983 3381 quales
972 3302 1009 3346 m
1032 3280 1158 3350 dioecesi

103 3410 166 3458 sua
187 3392 366 3481 animarum
391 3374 475 3479 Post
460 3397 553 3458 tores
573 3378 747 3481 111111.
753 3389 938 3479 Consules
951 3388 1160 3471 Reverendo

103 3508 207 3573 simos
233 3505 466 3595 Episcopus
453 3529 507 3593 ιιι
504 3494 635 3576 ceteris
653 3509 842 3597 Borussiac
861 3515 1028 3602 partibus
1051 3520 1162 3587 consti-

103 3628 156 3690 tut
142 3630 196 3689 tos
219 3628 423 3716 summisque
434 3625 598 3720 laudibus
620 3616 756 3735 dignos,
770 3632 926 3737 aQe
908 3654 954 3700 ox
974 3633 1032 3703 his
1055 3637 1166 3721 discas,

105 3743 185 3826 quid
206 3763 314 3809 rerum
341 3750 496 3832 agantm
461 3716 652 3849 insclrolis
676 3746 853 3849 catholicis
867 3751 1101 3826 Hermesiani.
1138 3756 1169 3824 11

107 3857 164 3922 ubi
191 3859 329 3944 leceris,
358 3882 426 3930 non
454 3862 586 3947 dubito,
619 3868 699 3952 quin
726 3867 839 3932 statim
861 3888 895 3933 a
906 3877 1082 3981 sententia
1096 3877 1172 3945 Tua

108 3977 322 4044 discessurus
351 3982 411 4053 sis
465 3983 552 4049 Nam
583 3976 746 4055 uen'erunt
777 3984 861 4077 ad
845 4008 906 4054 me
930 3974 1104 4077 liesterno
1129 3995 1175 4065 (lic

43 4165 46 4171 ,
108 4093 351 4183 Ephemerides
371 4097 627 4187 Bonnenses,
617 4123 651 4171 m
672 4101 795 4199 quibus
822 4102 906 4175 liber
923 4105 1118 4185 -illoss'uns
1135 4118 1178 4185 in·
