2514 4792
573 266 653 333 loo

76 458 167 529 tales
188 455 333 539 divinae,
354 449 629 541 quemadmodum
649 447 806 517 absoluta
819 451 876 518 est
892 442 1016 515 uana

76 578 209 647 stantia
251 572 370 659 ltaque
389 572 488 656 ratio,
506 574 686 658 postquam
708 569 780 635 suis
801 564 1022 654 principiispen

78 700 135 765 est
155 692 200 761 ad
218 690 385 783 propriam
394 688 462 757 Dei
481 687 601 772 ideam,
622 693 724 774 atque
744 684 833 753 hanc
847 685 952 772 ipsam
962 687 1022 750 nau

75 804 188 882 ideam
204 794 407 879 revelatione
427 802 670 897 supernaturali
691 804 778 871 duce
800 799 1022 891 amplificante

76 932 176 1014 feeit,
201 932 318 1017 potest
337 924 472 1015 quidem
497 922 585 993 velle
604 923 641 991 id
661 942 780 1011 agere,
812 926 852 988 ut
873 941 923 989 ex
941 919 1013 987 Deo

76 1053 147 1117 tius
174 1044 448 1135 comprehendat,
477 1062 565 1133 quae
569 1026 738 1153 pendent
759 1062 781 1107 a
806 1040 885 1108 Deo
912 1044 1022 1125 tanqua

78 1188 193 1259 prema
229 1184 350 1251 cansa3
389 1166 526 1279 ipsum
560 1148 672 1261 eptem
705 1159 837 1227 Deum
874 1154 1022 1245 eomprclr

77 1285 176 1369 velle,
197 1283 264 1351 hoc
284 1282 373 1350 idem
393 1286 489 1349 esset
508 1300 551 1347 ac
569 1270 687 1347 tollere
708 1279 776 1346 vim
798 1276 955 1344 divinam

162 1401 393 1503 Exposurmns
413 1400 511 1484 fene,
516 1404 677 1487 qnantum
698 1396 833 1485 quidem
861 1414 983 1484 pauens
999 1391 1022 1460 ir

78 1520 155 1604 tuit,
177 1522 246 1585 cn'i'
251 1496 433 1585 ‘Hermesio
446 1494 673 1583 nddicmnino
701 1515 963 1583 assentiamur
952 1532 1022 1580 ms

80 1638 166 1703 sima
184 1618 397 1724 quaestione,
418 1618 515 1722 qud'e
510 1636 673 1721 pertinet
694 1632 737 1699 ad
758 1631 904 1716 modum,
928 1652 994 1720 quo
1012 1650 1022 1697 ι

79 1774 103 1821 a
121 1753 231 1823 nobis·
238 1756 280 1821 et
301 1754 433 1841 concipi
453 1756 580 1840 queant
599 1751 755 1840 dogmata
782 1749 968 1818 christiana
987 1749 1022 1819 de

78 1868 180 1941 nibus
201 1868 516 1962 et²prcprietatibus
543 1869 675 1955 diurnis,
702 1872 850 1958 itemque
878 1868 924 1937 de
946 1867 1017 1937 aliis

80 2010 221 2101 quarum
249 1987 344 2055 ideas
375 1986 534 2057 revelatio
566 1988 746 2057 nobiscum
778 1984 1019 2073 communicat,

80 2092 260 2217 Trinitate,
282 2105 325 2173 de
344 2111 489 2195 peccato
511 2105 679 2194 originali,
702 2107 744 2175 dc
765 2105 1015 2194 redemptione,

81 2228 288 2294 surrectione
308 2228 520 2291 mortuorum.
565 2221 731 2307 Quodsi
720 2244 804 2292 rnre
812 2226 849 2292 in
867 2223 936 2291 hac
964 2243 1022 2311 qua

82 2340 286 2411 dissidemus
306 2336 351 2407 alr
370 2341 560 2455 Hermesio,
581 2348 641 2411 aut
660 2345 692 2411 si
712 2340 794 2408 illud
804 2340 928 2425 ¹saltem
950 2338 1022 2407 trib

82 2465 155 2545 est,
175 2460 403 2544 Hermesinm,
416 2444 583 2546 quanivis
611 2464 740 2549 etipse
760 2461 932 2550 proprium
954 2457 1022 2526 illur

82 2576 232 2647 tandiet
251 2577 464 2665 concipiendi
489 2576 624 2644 modum
650 2580 813 2667 attigerit,
840 2584 955 2646 tamen
983 2598 1022 2644 nc

83 2684 165 2765 ess'e
184 2686 442 2783 prosequutumt
462 2714 545 2762 sane
566 2682 667 2763 etiam
685 2696 922 2784 Praeceptoris
938 2701 1022 2764 ceter

83 2815 131 2902 gii
159 2798 317 2879 iudiciiin
349 2811 392 2879 de
421 2800 654 2900 'theologia
689 2810 964 2901 speculativa
995 2813 1022 2881 c‘

84 2950 179 3016 ana,
197 2916 319 3014 ‘velssi
339 2916 463 3016 placet,
484 2929 739 3018 depositiva
760 2929 1022 3018 Philosophi:

84 3053 125 3117 in
140 3036 388 3141 'Theologia
404 3032 636 3117 christiana
664 3048 906 3116 emendandum
928 3055 993 3115 est

84 3156 219 3256 quidem
241 3152 408 3234 arbitratu
433 3146 717 3256 talis-Theologla
745 3166 956 3255 speculativa
977 3189 1022 3233 ιιι

85 3270 255 3353 stirpanda¹
283 3290 359 3383 est,¹
391 3284 655 3374 altissimumque
682 3306 825 3373 scopum
856 3285 923 3351 sibi
952 3307 1022 3373 pro]

84 3402 199 3487 habet,
229 3403 273 3470 ad
293 3410 395 3492 quem
415 3405 579 3489 ingeniosi
604 3406 666 3471 viri
692 3402 758 3471 fide
787 3403 898 3473 divina
923 3402 1022 3470 imbui

85 3522 257 3605 iuvante,
264 3523 372 3610 magis
401 3525 578 3610 magisque
599 3524 867 3609 appropinquare
895 3528 1022 3610 potenn

88 3636 180 3703 cehit
206 3640 310 3751 eninr,
335 3628 553 3755 praelucente
583 3638 786 3707 revelatione
807 3641 950 3727 ipsa,
931 3643 1022 3708 etiarr

88 3740 308 3842 positi-ras
338 3779 468 3846 easque
487 3746 685 3845 proprias
713 3763 841 3825 notas
867 3761 966 3825 unius
1000 3758 1022 3825 d

90 3861 316 3960 argumentum
327 3895 403 3942 cum
414 3875 551 3942 alterins
566 3895 777 3963 componere,
798 3873 916 3943 licebit
926 3878 1022 3944 interi

88 3992 255 4077 propriam
268 3984 385 4059 eornm
405 3995 473 4060 vim
493 3995 640 4081 penitius
661 3996 839 4082 inquirere,
860 4014 985 4065 nexum
1009 4018 1022 4085 ι

89 4110 166 4195 tani,
186 4128 286 4177 unum
308 4130 353 4178 en
374 4109 479 4180 altero
500 4117 806 4201 tanquamecansa
828 4094 966 4201 ducere,
987 4134 1022 4184 en
