2514 4792
662 225 694 287 x
752 236 762 249 .

141 415 245 499 huius
268 416 374 491 unius
396 433 524 489 nomeu
548 409 770 510 profitentu,
796 407 842 484 de
868 415 1134 512 quo-ooniptum
1161 424 1221 489 est

139 549 279 650 Aaou,
295 550 358 629 12:
394 522 527 649 „Non
552 544 670 635 aliud
695 558 848 623 'nomen
874 558 941 625 est
966 545 1108 626 datum
1136 554 1221 627 suh

139 683 270 765 oo-alo¹
290 684 563 783 hominibus,
596 685 747 782 inquo
780 691 989 782 oporteat
1013 711 1091 763 nos
1124 687 1220 762 sal·

139 845 219 899 vos
244 816 389 897 tieri.“
438 816 639 913 Methodou¹
658 829 774 897 autem
799 817 1007 919 disciplinae
1032 819 1218 919 theologi-

89 956 95 967 '
139 980 205 1031 one
231 953 505 1058 confirmandae,
536 954 803 1052 pertractandae
829 963 865 1031 et
889 955 1126 1055 perficiendae
1154 955 1218 1032 di-

138 1116 245 1166 versa
270 1093 336 1169 tuit
365 1093 520 1169 divensis
545 1091 779 1190 temporibus,
812 1099 849 1165 et
873 1101 991 1191 potest
1022 1116 1138 1189 usque
1173 1095 1220 1168 ad

70 1226 78 1237 ‘
137 1235 271 1303 eertum
308 1226 480 1326 quendam
510 1225 666 1318 modum,
690 1225 834 1323 diversa
865 1251 950 1301 esse
969 1232 1089 1302 vetiam
1122 1232 1219 1325 apud

137 1385 214 1458 eos,
242 1367 303 1460 qui
325 1363 489 1439 eiusdem
511 1362 597 1440 fidei
608 1367 741 1441 unitate
759 1367 868 1445 iuneti
881 1371 972 1441 sunt.
1022 1364 1066 1439 N
1068 1389 1115 1440 on
1132 1362 1218 1440 dieo

134 1519 274 1585 omnem
305 1498 522 1595 methodum¹
539 1499 584 1575 ab
616 1496 771 1587 eeclesia
801 1499 947 1601 puohari
977 1507 1038 1573 aut
1068 1497 1218 1574 tolerari

7 1720 9 1727 .
69 1728 73 1737 ·
135 1654 262 1730 posse3
285 1638 559 1734 rectissimeque
584 1633 821 1740 Heomesiana
850 1634 1037 1731 methodus
1064 1635 1215 1710 damna-

130 1748 243 1867 iatun,
263 1745 303 1845 ¹'si
327 1769 515 1871 quidquam
532 1770 690 1870 haberet,
716 1768 810 1870 quod
828 1781 1000 1871 pugnaret
1014 1768 1092 1848 ullo
1109 1772 1214 1849 modo

131 1923 214 1979 oum
238 1903 320 1981 fide.
370 1905 429 1983 At
456 1905 544 1983 nihil
568 1906 767 1999 istiusmodi
793 1907 916 2005 habet,
949 1907 1096 1989 etmihi
1127 1910 1209 2004 qui-

11 2068 18 2097 1
130 2036 213 2116 dem
243 2041 424 2141 hueusque
458 2067 669 2143 persuasum
701 2055 768 2120 est.
821 2038 973 2119 Omnino
1000 2040 1146 2116 dissidet
1169 2050 1206 2113 et

44 2262 47 2269 -
128 2174 238 2253 valde
264 2175 414 2254 dissidet
438 2178 483 2253 ab
509 2205 565 2280 ea,
592 2205 697 2279 quam
718 2178 926 2276 adversarii,
953 2175 1213 2293 Delamennaei

129 2309 367 2397 etBautaenii
391 2311 533 2412 placitis
559 2315 702 2412 addicti,
728 2324 920 2427 sequuntur
933 2322 969 2386 et
981 2317 1085 2389 uniee
1098 2337 1211 2410 prae-

130 2443 265 2522 dicant:
291 2457 434 2523 reatene
461 2447 644 2549 dissideat,
671 2475 715 2525 an
741 2453 867 2548 miuus,
893 2452 1046 2549 itemque
1072 2472 1117 2522 an
1132 2475 1214 2524 me-

130 2579 260 2661 thodus
281 2582 573 2671 ¹adversariorum
598 2589 723 2659 iuv'are
749 2581 927 2659 ecelesiae
951 2566 1105 2661 salutem
1119 2609 1212 2685 que·

129 2725 177 2816 at,
201 2718 370 2796 iudicium
386 2724 446 2796 *sit
470 2744 580 2820 penes
606 2721 759 2796 arbitros
786 2718 1036 2818 intelligentes.

70 2964 95 3012 ἢ,
231 2902 315 2985 Sor.
342 2904 659 2982 Vratislaviae
684 2932 794 2982 mono.
822 2909 924 2984 Maio
1049 2914 1053 2919 ’

302 3056 408 3126 'aum
434 3039 810 3122 Mnoooxxxvl.
915 3042 916 3045 ’
