2514 4792
61 458 123 535 tn,
155 448 201 511 ut
234 438 409 509 roboret
441 440 728 509 infirmitatem
761 448 962 531 nostrum,
997 452 1076 517 ani-

61 547 392 669 lunasquinet,
413 579 485 627 eor
504 564 690 627 nostrum
712 564 976 633 conscientia
997 567 1078 635 cul-

87 666 298 770 'graviter
323 698 573 769 oppressum
600 698 647 745 ex
677 676 976 767 desperatione
1002 689 1077 753 eri-

61 695 109 865 lt
123 802 160 865 et
177 800 216 865 in
236 798 351 887 spem
370 798 520 865 veniae
541 796 761 864 adductum
783 797 914 868 denuo
936 803 1078 889 erigat

63 916 234 1011 'ligitur
252 913 484 1015 etadoctis
504 912 738 983 homiuibus
760 920 802 983 et
821 916 872 983 ab
893 918 1079 990 indoctis

61 1024 415 1245 remotissimo
443 1031 585 1101 cordis
612 1030 826 1101 desiderio
853 1044 1080 1125 expetatur

97 1148 306 1252 laetissime
322 1148 611 1239 excipiaturl“
654 1146 763 1231 Quum
782 1152 861 1221 talia
880 1155 1079 1227 llcnussius

61 1256 151 1365 ,αμα
164 1270 328 1359 pmedicet
348 1269 392 1337 de
411 1268 617 1337 necessitate
645 1270 856 1339 revelationis
881 1280 1079 1363 supernatu-

61 1380 118 1483 ἡ
135 1386 263 1474 livinae,
294 1410 363 1480 qua
381 1394 520 1456 uosuae
547 1386 725 1455 inllmritati
751 1396 982 1478 succurratur,
1011 1414 1080 1463 nou

61 1506 167 1587 lwrldl
180 1509 328 1596 prolecto
348 1506 437 1573 hunc
456 1505 582 1588 Virum,
606 1508 683 1594 quia
703 1510 864 1576 veritates
884 1516 1081 1599 supernatu-

61 1616 126 1711 ttltt
138 1624 225 1717 sdide
245 1624 473 1724 demonstrare
492 1626 682 1693 instimeret
701 1665 745 1677 —
774 1627 1000 1698 demonstrare
1022 1652 1080 1698 au·

61 1752 111 1815 9¹1¹
123 1744 299 1840 ψαύω
319 1743 530 1815 exuinsecus
551 1746 685 1832 petitis,
706 1765 785 1829 non,
805 1746 1081 1832 quemadmodum

61 1846 482 1954 [vingitis-demessiores,
498 1882 540 1928 ex
551 1860 625 1929 sola
635 1862 762 1929 ratione
774 1862 940 1930 deducere
950 1903 1004 1947 -,
1015 1886 1082 1933 non

61 1978 186 2085 lllllrluit,
200 1958 346 2083 murrum,
367 1978 457 2047 hunc
478 1980 612 2063 Virum,
634 2000 742 2067 aeque
762 1978 918 2047 humilem
938 2000 980 2046 ac
1003 1982 1082 2048 doc·

61 2082 127 2178 lto,
140 2115 255 2195 attunt
284 2096 549 2185 „Pelagianismi
562 2118 606 2165 ex
620 2096 760 2165 naturali
780 2094 921 2163 hominis
942 2117 1083 2184 super-

61 2188 114 2283 lll
130 2216 319 2309 medeam)
366 2215 486 2285 solut
510 2236 532 2282 a
552 2214 611 2282 tali
638 2214 798 2302 superbia
822 2214 988 2281 Hermesii
1015 2217 1083 2282 ani-

61 2330 122 2413 lits,
134 2332 218 2425 idque
238 2342 274 2411 el
295 2332 405 2423 palam
426 2339 461 2403 et
481 2336 581 2418 omni,
601 2354 678 2433 qua
694 2353 887 2422 possumus,
909 2354 1083 2403 assevera-

61 2432 331 2537 domminus.
1137 2534 1140 2539 Ι

65 2617 69 2639 ;
108 2568 161 2641 llis
181 2573 357 2663 expositis,
379 2592 482 2661 quum
503 2571 669 2638 contraria
696 2572 870 2637 contrariis
892 2568 1086 2640 elucescere

61 2674 181 2777 lenm,
202 2694 351 2761 fortasse
370 2710 439 2765 uon
458 2688 574 2757 inutile
596 2690 660 2755 erit
680 2688 804 2777 Vestro
826 2688 872 2756 illi
892 2689 1086 2779 syllogismo

61 2818 130 2892 liuns
149 2830 319 2899 opponere
340 2808 440 2877 alium
455 2830 531 2877 cum
544 2807 711 2875 Hermesii
724 2814 836 2877 mente
849 2812 991 2877 maxime
1007 2832 1085 2878 con·

61 2932 216 3017 utaneuur.
245 2906 329 2997 'lost
349 2933 460 2995 autem
480 2926 552 2994 hic:

165 3166 265 3237 Ratio
287 3164 430 3233 humana
451 3164 583 3230 etiamsi
611 3159 779 3229 oneribus
806 3159 951 3229 obnoxia
973 3167 1008 3230 et
1028 3184 1089 3248 per

95 3292 278 3375 peccatum
300 3283 457 3371 originale
472 3281 569 3348 valde
585 3279 766 3348 obscurata
781 3300 822 3347 ac
837 3277 1007 3347 debilitata
1023 3286 1088 3365 est,

94 3412 209 3474 tamen
229 3424 297 3471 nou
318 3409 373 3471 est
391 3404 527 3492 penitus
545 3401 698 3491 ¹extincta
717 3401 751 3465 in
771 3397 920 3482 homine,
942 3400 1088 3497 omniuo-

94 3545 166 3617 que
187 3520 384 3589 nonnulla
404 3524 484 3588 sunt
505 3523 623 3585 certa
653 3519 830 3586 rationis
855 3517 1088 3605 principia,

93 3664 144 3713 ex
164 3639 288 3731 quibus
310 3646 403 3710 certo
424 3636 548 3727 aliquid
570 3632 681 3723 colligi
701 3635 790 3705 licet

165 3759 224 3829 Ex
244 3760 296 3829 his
323 3764 434 3826 autom
459 3753 629 3843 principiis
659 3758 726 3844 ipsi
751 3756 952 3843 ingeneratis
973 3759 1010 3822 et
1030 3758 1089 3821 im-

91 3877 313 3951 mutabilibus
339 3878 423 3944 ratio
450 3879 566 3943 nostra
594 3872 738 3961 probare
764 3880 881 3965 potest
906 3875 1090 3944 existen-

61 4044 223 4075 ‘'—

61 4161 73 4225 l
92 4151 168 4217 V'vlt
185 4152 274 4216 tecum
296 4165 377 4222 sunta
401 4148 476 4219 (pnr-
495 4144 546 4217 dt)
567 4148 689 4203 ciuium
