2514 4792
439 264 599 355 ἐι

22 474 216 543 habentur:
252 491 367 539 nonne
387 470 592 559 Boyseuium
612 478 749 561 propter
770 477 921 544 convicio
942 477 976 541 iu
997 474 1105 542 ecele-

27 595 122 661 siam
143 588 341 660 catholicam
360 591 450 671 laets
469 597 539 658 tum
559 593 680 659 aeriter
700 590 946 678 reprehendens
961 595 994 658 iu
1008 614 1047 660 se
1058 589 1107 680 ip-

32 732 111 778 sum
121 712 249 797 virgam
260 709 447 793 censoriam
457 712 677 792 exercuisset,
689 711 897 797 omniumque
911 730 950 777 se
962 708 1017 778 vel
1029 730 1108 799 eon3

33 830 177 914 temptui
197 824 254 895 vel
274 816 423 923 ludiltrio
437 822 675 913 exposuisset?
704 833 763 894 aut
782 828 812 892 si
831 826 1026 895 Hermesius
1037 820 1109 915 'per

10 952 145 1041 'totum
165 946 258 1013 vitae
278 965 362 1011 suae
383 944 528 1030 spatium
546 965 613 1010 non
634 944 845 1030 pervenisset
863 942 907 1009 ad
928 941 1053 1011 firmam
1067 930 1110 1010 d'e

35 1064 181 1132 veritate
214 1062 293 1130 fidei
335 1048 535 1128 olrristiauoe
571 1067 606 1128 et
641 1058 825 1132 'catholicae
866 1061 1111 1129 certitudinem:

36 1201 150 1251 nonne
171 1165 308 1247 etillud
328 1170 552 1245 testimoniium
573 1185 609 1247 et
629 1177 757 1264 similia,
778 1200 865 1266 quae
887 1177 997 1265 colligi
1009 1176 1112 1245 multa

33 1302 198 1389 ¹possunt,
218 1316 278 1385 pro
297 1293 610 1375 fraudulentissimis
623 1295 776 1364 habenda
790 1293 929 1366 essent?
949 1298 998 1366 At
1012 1297 1112 1385 enim·

40 1436 145 1498 vero,
178 1417 237 1504 qui
258 1414 468 1486 Hermosium
492 1411 551 1481 vel
567 1411 735 1499 paululum
760 1418 940 1498 noverunt,
973 1413 1112 1505 affirmo·
1148 1430 1186 1461 -“

43 1532 130 1599 lumt
149 1544 263 1599 omnes
288 1530 433 1597 unanimi
460 1550 628 1598 consensu
657 1535 716 1597 aut
741 1529 862 1598 nullius
882 1531 1023 1600 hominis
1043 1522 1113 1600 td's-

40 1653 192 1718 timonio'
205 1647 409 1716 eredendum
440 1652 498 1715 aut
534 1646 681 1715 testibus
706 1648 773 1720 fide
801 1651 1004 1737 dignissimis
1025 1649 1114 1717 illum

38 1766 324 1837 annumerandum
346 1787 434 1834 esse.
480 1764 553 1832 Sed
578 1764 780 1835 lucidentius
807 1773 906 1836 etiam
927 1792 1027 1856 quam
1048 1771 1115 1835 sin-

35 1885 120 1976 gula
139 1884 329 1953 huiusmodi
350 1885 449 1953 effata
469 1888 576 1950 totum
596 1885 764 1970 ingenium
785 1907 828 1953 ex
848 1888 1024 1955 Hermesio
1047 1890 1114 1974 spi·

30 2026 122 2073 rans
143 2001 304 2085 declarat,
315 2024 425 2091 -quam
444 1999 580 2067 firmiter
611 1999 790 2070 crediderit
809 2003 856 2069 ad
875 2025 980 2089 genus
1001 2002 1115 2069 huma-

40 2146 126 2194 num
146 2142 166 2190 e
187 2123 347 2189 servituto
368 2122 501 2207 peceati
522 2117 727 2184 liberandum
741 2119 860 2187 aJesu
883 2118 1027 2203 Christo,
1048 2117 1116 2185 filio

40 2243 128 2325 Dei,
146 2238 247 2325 modn
263 2237 502 2327 supernaturali
519 2237 731 2324 patefactam
757 2258 835 2305 esse
857 2237 1040 2305 doctrinam
1061 2257 1115 2302 sa-

36 2361 203 2439 iurarem,
225 2364 368 2443 eumque
388 2358 423 2423 iu
440 2353 518 2423 sola
546 2352 690 2422 ecclesia
712 2356 877 2425 catholica
903 2357 1034 2425 omnino
1047 2374 1115 2443 νη»

10 2500 112 2551 ,rom
132 2480 236 2565 atque
254 2478 416 2607 integram
443 2475 643 2542 conservari.
