2514 4792
105 322 246 406 iunctim
276 320 336 407 qut
354 315 490 407 quidem
510 312 585 383 orm
607 310 770 383 eiumodi
790 314 865 397 est,
885 314 925 379 ut
944 306 1089 399 prodigia
1136 294 1181 369 id

107 444 141 511 si
153 440 226 509 lieri
239 438 362 527 possit,
383 435 428 502 ad
440 435 543 501 vitam
555 433 643 501 Jesn
657 430 783 500 Christi
799 428 1070 499 honestissimam
1080 438 1181 497 saw

106 561 337 643 tissimamqne
357 575 480 621 novum
500 554 600 621 etiam
627 548 839 638 splendorem
865 548 1054 641 adiungunt.
1090 530 1180 623 Nn

108 676 300 762 ubieunque
333 671 485 759 prodigia
519 670 621 755 facit,
656 688 825 756 nunquam
855 666 935 733 vani
968 660 1174 741 ostentato&

107 770 259 883 speciem
278 810 360 880 prae
381 811 421 857 se
441 788 519 873 fert,
546 809 714 875 nunquam
733 807 774 853 se
796 788 851 854 sui
872 784 1038 865 commodi
1056 782 1165 855 studio

108 935 186 980 sum
213 908 372 1001 praehet,
404 907 469 975 sed
495 908 609 974 intima
638 926 718 994 erga
747 904 895 973 afflictos
922 903 1072 971 hornines
1096 898 1160 971 cui

108 1037 180 1099 tate
201 1036 237 1097 et
256 1026 485 1095 misericordia
506 1026 648 1107 ducitur,
670 1045 785 1092 eorum
797 1026 962 1111 ipsorum,
983 1020 1100 1109 quitus
1115 1016 1154 1085 oe

107 1149 245 1232 nefacit,
267 1145 411 1213 salutem
431 1143 498 1213 sibi
520 1142 613 1209 cordi
634 1163 715 1210 esse
737 1140 898 1224 declarat,
919 1138 1000 1209 Deo
1020 1136 1154 1207 entend

108 1265 268 1335 honorem
288 1262 450 1347 tribuant,
475 1261 553 1329 Deo
573 1265 612 1327 ut
631 1263 757 1347 gratias
778 1266 892 1347 agant,
924 1264 1065 1328 sanatos
1081 1254 1153 1327 nort

108 1403 172 1454 nes
194 1380 361 1448 admonet.
403 1379 689 1464 „Pertransiit
707 1378 1056 1463 benefaciendo,“
1072 1374 1154 1467 nied

110 1498 201 1587 apud
222 1499 360 1563 Lucam
404 1497 610 1564 Rectissime
636 1497 737 1585 igitur
761 1497 887 1582 iesus,
915 1519 1024 1591 quum
1042 1490 1154 1569 nomo!

109 1615 318 1685 Judaeorum
339 1634 445 1683 exeo
468 1613 662 1682 scandalum
689 1618 880 1705 cepissent,
909 1616 1005 1705 quod
1027 1640 1066 1689 se
1086 1614 1171 1685 iliu!x

109 1735 179 1806 Dei
201 1735 363 1819 dixisset,
395 1753 563 1821 quumque
585 1741 762 1823 urgerent,
793 1741 833 1804 ut
853 1736 965 1804 denuo
987 1743 1028 1805 et
1044 1736 1153 1825 spontin

110 1852 336 1944 profiteretur,
357 1850 466 1955 qualis
487 1859 595 1937 esset,
616 1855 665 1923 ita
679 1853 884 1942 respondere
897 1858 1014 1944 potuit
1034 1842 1148 1945 (solt,

112 1975 198 2059 ⁹5)³
241 1972 403 2059 „Loquor
423 1969 535 2056 uobis,
566 1977 603 2043 et
627 1993 697 2039 non
721 1970 873 2040 creditis:
896 1994 1061 2063 opera,
1084 1990 1153 2063 qnae

111 2112 191 2180 ego
211 2091 325 2159 facio
345 2091 387 2159 in
406 2091 566 2159 nomine
592 2090 736 2159 Patris
757 2092 851 2174 mei,
878 2088 983 2161 haec
1009 2096 1157 2191 tentiae

112 2210 219 2279 nium
245 2207 475 2297 perhibent
495 2206 545 2279 de
565 2210 661 2278 me.“
703 2207 753 2280 st
772 2207 872 2296 paulo
892 2218 991 2300 post:
1036 2212 1162 2299 „stur

110 2330 205 2397 facio
226 2348 329 2414 opera
355 2330 466 2397 Patris
487 2334 568 2414 mei,
596 2329 699 2399 nolite
721 2324 860 2397 credere
886 2328 976 2397 mihi.
1021 2329 1066 2400 Si
1084 2322 1168 2399 nra

113 2447 222 2531 facio,
253 2450 289 2512 et
309 2448 340 2513 si
360 2447 438 2515 mihi
470 2468 537 2517 non
557 2446 660 2515 vultis
691 2446 840 2531 credere,
874 2448 1078 2536 operibus
1107 2466 1165 2519 cro·

115 2563 239 2631 dite.“
281 2565 485 2634 Rectissime
508 2569 607 2635 etiam
626 2567 840 2650 Pharisaeos,
862 2568 921 2653 qui
940 2589 1003 2655 pro
1025 2562 1167 2639 annum

115 2680 304 2750 obstinacia
331 2686 440 2774 ipsum
468 2685 657 2753 calumniati
684 2691 802 2754 essent
826 2691 965 2775 propter
991 2690 1169 2756 sonaooru

115 2800 261 2869 hominis
282 2800 489 2873 daemonium
509 2804 666 2873 habentis
690 2803 906 2892 eiusdemque
928 2808 1027 2875 caeci
1047 2813 1086 2875 et
1103 2801 1170 2883 muti,

115 2921 170 2990 his
192 2921 306 2991 verbis
328 2922 540 3011 reprehendit
561 2925 660 2990 etad
682 2923 864 2991 subsurdum
878 2923 972 2993 ducit
992 2921 1172 3009 (Mattolt,

118 3044 204 3127 25):
245 3038 376 3125 „Omne
396 3062 534 3127 regnum
556 3041 699 3111 divisum
721 3049 838 3109 contra
859 3062 900 3133 se
921 3040 1176 3130 desolabitur3oi

118 3160 226 3225 omnis
257 3160 377 3227 civitas
399 3157 454 3226 vel
476 3157 593 3226 domus
628 3159 736 3227 divisa
768 3168 885 3228 contra
917 3182 957 3229 se
985 3185 1054 3231 non
1085 3160 1176 3234 stabit

117 3274 167 3345 Et
187 3278 219 3343 si
239 3284 377 3344 satanas
407 3284 558 3353 satanam
586 3280 693 3362 eiicit,
721 3280 886 3346 adversus
908 3301 947 3346 se
976 3280 1179 3350 dirimeres:

119 3386 287 3481 quomodo
309 3417 389 3484 ergo
411 3395 518 3464 stabit
538 3418 676 3485 regnum
697 3394 794 3465 eius?
836 3398 885 3466 Et
906 3402 938 3468 si
959 3422 1023 3489 ego
1045 3404 1080 3469 in
1100 3392 1180 3472 Bed-

118 3510 229 3580 zebub
252 3515 348 3581 eiicio
371 3515 564 3600 daemones,
586 3513 644 3581 filii
664 3518 818 3585 vestriin
833 3492 900 3604 quo
922 3518 1084 3611 eiiciantt
1117 3518 1183 3587 ldoo'

119 3632 187 3718 ipsi
206 3631 336 3699 iudices
357 3637 464 3702 vestri
485 3641 590 3702 erunt.
635 3632 683 3704 Si
710 3642 844 3704 autem
871 3657 946 3724 ego
974 3639 1014 3736 in
1042 3641 1183 3730 spiritu

120 3745 201 3817 Dei
233 3750 358 3819 eiicio
389 3752 630 3835 daemones,
666 3754 797 3839 igitur
824 3758 1023 3843 pervenit
1056 3760 1098 3839 in
1123 3766 1187 3825 vot

121 3886 288 3953 regnum
307 3868 419 3935 Dei.⁴‘
461 3870 665 3936 Rectissime
692 3892 792 3959 porro
815 3873 1001 3967 discipulis,
1030 3900 1117 3966 qnos
1131 3868 1188 3943 ¹nri·

86 4032 90 4055 2
123 3988 215 4053 serat
234 3983 410 4057 Johannes
430 3990 687 4079 interrogatum:
708 3991 786 4077 „Tu
808 4013 859 4079 es,
882 3994 942 4085 qui
960 4004 1122 4067 venturus
1140 4006 1193 4063 es,
