<?xml version="1.0" encoding="UTF-8"?>
<!DOCTYPE html PUBLIC "-//W3C//DTD XHTML 1.0 Transitional//EN"
    "http://www.w3.org/TR/xhtml1/DTD/xhtml1-transitional.dtd">
<html xmlns="http://www.w3.org/1999/xhtml" xml:lang="en" lang="en">
 <head>
  <title>
</title>
<meta http-equiv="Content-Type" content="text/html;charset=utf-8" />
  <meta name='ocr-system' content='tesseract 3.04.00' />
  <meta name='ocr-capabilities' content='ocr_page ocr_carea ocr_par ocr_line ocrx_word'/>
</head>
<body>
  <div class='ocr_page' id='page_1' title='image "actahermesianaq00elvegoog_0250.png"; bbox 0 0 2514 4792; ppageno 0'>
   <div class='ocr_carea' id='block_1_1' title="bbox 540 220 685 324">
    <p class='ocr_par' dir='ltr' id='par_1_1' title="bbox 540 220 685 324">
     <span class='ocr_line' id='line_1_1' title="bbox 540 220 685 324; baseline -0.007 1"><span class='ocrx_word' id='word_1_1' title='bbox 540 220 619 287; x_wconf 62' lang='lat' dir='ltr'><em>m</em></span> <span class='ocrx_word' id='word_1_2' title='bbox 681 319 685 324; x_wconf 87' lang='lat'><em>.</em></span> 
     </span>
    </p>
   </div>
   <div class='ocr_carea' id='block_1_2' title="bbox 61 381 1114 490">
    <p class='ocr_par' dir='ltr' id='par_1_2' title="bbox 61 381 1114 490">
     <span class='ocr_line' id='line_1_2' title="bbox 61 381 1114 490; baseline 0.006 -20"><span class='ocrx_word' id='word_1_3' title='bbox 61 403 196 490; x_wconf 78' lang='lat' dir='ltr'><strong>pistoia</strong></span> <span class='ocrx_word' id='word_1_4' title='bbox 217 381 383 473; x_wconf 81' lang='lat' dir='ltr'><strong>Pastorali</strong></span> <span class='ocrx_word' id='word_1_5' title='bbox 404 403 568 484; x_wconf 78' lang='lat' dir='ltr'><strong>adversus</strong></span> <span class='ocrx_word' id='word_1_6' title='bbox 582 404 848 489; x_wconf 61' lang='lat' dir='ltr'><strong>nautaeniumr).</strong></span> <span class='ocrx_word' id='word_1_7' title='bbox 893 409 941 473; x_wconf 84' lang='lat' dir='ltr'><strong>At</strong></span> <span class='ocrx_word' id='word_1_8' title='bbox 961 405 1114 476; x_wconf 84' lang='lat' dir='ltr'><strong>Sanctia-</strong></span> 
     </span>
    </p>
   </div>
   <div class='ocr_carea' id='block_1_3' title="bbox 61 521 1114 621">
    <p class='ocr_par' dir='ltr' id='par_1_3' title="bbox 61 521 1114 621">
     <span class='ocr_line' id='line_1_3' title="bbox 61 521 1114 621; baseline 0.005 -32"><span class='ocrx_word' id='word_1_9' title='bbox 61 544 144 591; x_wconf 75' lang='lat' dir='ltr'><strong>mus</strong></span> <span class='ocrx_word' id='word_1_10' title='bbox 165 524 267 590; x_wconf 80' lang='lat' dir='ltr'><strong>Pater</strong></span> <span class='ocrx_word' id='word_1_11' title='bbox 292 521 378 617; x_wconf 83' lang='lat' dir='ltr'><strong>banc</strong></span> <span class='ocrx_word' id='word_1_12' title='bbox 407 526 515 611; x_wconf 83' lang='lat' dir='ltr'><strong>ipsam</strong></span> <span class='ocrx_word' id='word_1_13' title='bbox 535 522 725 621; x_wconf 82' lang='lat' dir='ltr'><strong>Epistulam</strong></span> <span class='ocrx_word' id='word_1_14' title='bbox 751 521 958 610; x_wconf 80' lang='lat' dir='ltr'><strong>approbavit.</strong></span> <span class='ocrx_word' id='word_1_15' title='bbox 1000 525 1114 594; x_wconf 87' lang='lat' dir='ltr'><strong>Habe-</strong></span> 
     </span>
    </p>
   </div>
   <div class='ocr_carea' id='block_1_4' title="bbox 61 620 1228 729">
    <p class='ocr_par' dir='ltr' id='par_1_4' title="bbox 61 620 1228 729">
     <span class='ocr_line' id='line_1_4' title="bbox 61 620 1228 729; baseline 0.002 -21"><span class='ocrx_word' id='word_1_16' title='bbox 61 663 110 708; x_wconf 86' lang='lat' dir='ltr'><strong>us</strong></span> <span class='ocrx_word' id='word_1_17' title='bbox 135 644 236 729; x_wconf 83' lang='lat' dir='ltr'><strong>igitur</strong></span> <span class='ocrx_word' id='word_1_18' title='bbox 256 643 290 707; x_wconf 92' lang='lat' dir='ltr'><strong>in</strong></span> <span class='ocrx_word' id='word_1_19' title='bbox 312 642 413 709; x_wconf 84' lang='lat' dir='ltr'><strong>rebus</strong></span> <span class='ocrx_word' id='word_1_20' title='bbox 436 644 587 728; x_wconf 82' lang='lat' dir='ltr'><strong>afflictis,</strong></span> <span class='ocrx_word' id='word_1_21' title='bbox 614 642 703 709; x_wconf 89' lang='lat' dir='ltr'><strong>unde</strong></span> <span class='ocrx_word' id='word_1_22' title='bbox 730 662 884 729; x_wconf 78' lang='lat' dir='ltr'><strong>maguam</strong></span> <span class='ocrx_word' id='word_1_23' title='bbox 905 645 1003 710; x_wconf 88' lang='lat' dir='ltr'><strong>animi</strong></span> <span class='ocrx_word' id='word_1_24' title='bbox 1022 651 1112 712; x_wconf 89' lang='lat' dir='ltr'><strong>tran·</strong></span> <span class='ocrx_word' id='word_1_25' title='bbox 1132 654 1135 660; x_wconf 88' lang='lat'>&#39;</span> <span class='ocrx_word' id='word_1_26' title='bbox 1223 620 1228 633; x_wconf 36' lang='lat'>⁸</span> 
     </span>
    </p>
   </div>
   <div class='ocr_carea' id='block_1_5' title="bbox 61 750 1188 1919">
    <p class='ocr_par' dir='ltr' id='par_1_5' title="bbox 61 750 1188 1919">
     <span class='ocr_line' id='line_1_5' title="bbox 61 750 1112 861; baseline 0.003 -34"><span class='ocrx_word' id='word_1_27' title='bbox 61 760 233 833; x_wconf 81' lang='lat' dir='ltr'><strong>sillitatem</strong></span> <span class='ocrx_word' id='word_1_28' title='bbox 254 767 289 827; x_wconf 91' lang='lat' dir='ltr'><strong>et</strong></span> <span class='ocrx_word' id='word_1_29' title='bbox 303 760 458 829; x_wconf 88' lang='lat' dir='ltr'><strong>solatium</strong></span> <span class='ocrx_word' id='word_1_30' title='bbox 480 765 658 861; x_wconf 83' lang='lat' dir='ltr'><strong>caplamus.</strong></span> <span class='ocrx_word' id='word_1_31' title='bbox 702 759 858 849; x_wconf 74' lang='lat' dir='ltr'><strong>sperare</strong></span> <span class='ocrx_word' id='word_1_32' title='bbox 868 750 948 828; x_wconf 85' lang='lat' dir='ltr'><strong>licet</strong></span> <span class='ocrx_word' id='word_1_33' title='bbox 968 763 1051 848; x_wconf 86' lang='lat' dir='ltr'><strong>fore,</strong></span> <span class='ocrx_word' id='word_1_34' title='bbox 1073 770 1112 830; x_wconf 89' lang='lat' dir='ltr'><strong>ut</strong></span> 
     </span>
     <span class='ocr_line' id='line_1_6' title="bbox 61 879 1110 969; baseline 0.005 -24"><span class='ocrx_word' id='word_1_35' title='bbox 61 881 281 950; x_wconf 73' lang='lat' dir='ltr'><strong>unctissimua</strong></span> <span class='ocrx_word' id='word_1_36' title='bbox 302 879 414 964; x_wconf 82' lang='lat' dir='ltr'><strong>Pater,</strong></span> <span class='ocrx_word' id='word_1_37' title='bbox 436 883 493 968; x_wconf 91' lang='lat' dir='ltr'><strong>qui</strong></span> <span class='ocrx_word' id='word_1_38' title='bbox 513 903 629 949; x_wconf 89' lang='lat' dir='ltr'><strong>verum</strong></span> <span class='ocrx_word' id='word_1_39' title='bbox 643 881 864 964; x_wconf 69' lang='lat' dir='ltr'><strong>Honestum,</strong></span> <span class='ocrx_word' id='word_1_40' title='bbox 887 882 951 947; x_wconf 86' lang='lat' dir='ltr'><strong>etsi</strong></span> <span class='ocrx_word' id='word_1_41' title='bbox 973 881 1110 969; x_wconf 86' lang='lat' dir='ltr'><strong>diligen·</strong></span> 
     </span>
     <span class='ocr_line' id='line_1_7' title="bbox 61 997 1188 1098; baseline 0.003 -35"><span class='ocrx_word' id='word_1_42' title='bbox 61 1003 167 1065; x_wconf 80' lang='lat' dir='ltr'><strong>rsima</strong></span> <span class='ocrx_word' id='word_1_43' title='bbox 190 1001 345 1064; x_wconf 83' lang='lat' dir='ltr'><strong>cautione</strong></span> <span class='ocrx_word' id='word_1_44' title='bbox 367 997 527 1086; x_wconf 86' lang='lat' dir='ltr'><strong>adhibita,</strong></span> <span class='ocrx_word' id='word_1_45' title='bbox 548 1021 615 1067; x_wconf 89' lang='lat' dir='ltr'><strong>non</strong></span> <span class='ocrx_word' id='word_1_46' title='bbox 635 1002 740 1082; x_wconf 85' lang='lat' dir='ltr'><strong>novit,</strong></span> <span class='ocrx_word' id='word_1_47' title='bbox 761 1020 880 1098; x_wconf 69' lang='lat' dir='ltr'><strong>uerum</strong></span> <span class='ocrx_word' id='word_1_48' title='bbox 900 998 1109 1095; x_wconf 77' lang='lat' dir='ltr'><strong>Hpnnesium</strong></span> <span class='ocrx_word' id='word_1_49' title='bbox 1186 1082 1188 1087; x_wconf 19' lang='grc' dir='ltr'>Ι</span> 
     </span>
     <span class='ocr_line' id='line_1_8' title="bbox 61 1114 1107 1204; baseline 0 -20"><span class='ocrx_word' id='word_1_50' title='bbox 61 1122 162 1184; x_wconf 69' lang='lat' dir='ltr'><strong>acac</strong></span> <span class='ocrx_word' id='word_1_51' title='bbox 215 1114 363 1203; x_wconf 82' lang='lat' dir='ltr'><strong>Sperare</strong></span> <span class='ocrx_word' id='word_1_52' title='bbox 394 1116 474 1185; x_wconf 91' lang='lat' dir='ltr'><strong>licet</strong></span> <span class='ocrx_word' id='word_1_53' title='bbox 500 1121 589 1204; x_wconf 83' lang='lat' dir='ltr'><strong>fore,</strong></span> <span class='ocrx_word' id='word_1_54' title='bbox 620 1123 659 1186; x_wconf 91' lang='lat' dir='ltr'><strong>ut</strong></span> <span class='ocrx_word' id='word_1_55' title='bbox 683 1116 775 1185; x_wconf 88' lang='lat' dir='ltr'><strong>Idem</strong></span> <span class='ocrx_word' id='word_1_56' title='bbox 801 1116 867 1184; x_wconf 88' lang='lat' dir='ltr'><strong>boo</strong></span> <span class='ocrx_word' id='word_1_57' title='bbox 895 1116 1014 1185; x_wconf 82' lang='lat' dir='ltr'><strong>saltem</strong></span> <span class='ocrx_word' id='word_1_58' title='bbox 1041 1116 1107 1184; x_wconf 85' lang='lat' dir='ltr'><strong>sibi</strong></span> 
     </span>
     <span class='ocr_line' id='line_1_9' title="bbox 61 1213 1105 1332; baseline 0.002 -30"><span class='ocrx_word' id='word_1_59' title='bbox 61 1234 245 1332; x_wconf 81' lang='lat' dir='ltr'><strong>rsuadeat,</strong></span> <span class='ocrx_word' id='word_1_60' title='bbox 266 1257 329 1302; x_wconf 90' lang='lat' dir='ltr'><strong>nos</strong></span> <span class='ocrx_word' id='word_1_61' title='bbox 351 1257 431 1304; x_wconf 86' lang='lat' dir='ltr'><strong>esse</strong></span> <span class='ocrx_word' id='word_1_62' title='bbox 452 1236 664 1306; x_wconf 86' lang='lat' dir='ltr'><strong>fidelissimos</strong></span> <span class='ocrx_word' id='word_1_63' title='bbox 679 1256 720 1302; x_wconf 88' lang='lat' dir='ltr'><strong>ac</strong></span> <span class='ocrx_word' id='word_1_64' title='bbox 736 1235 974 1303; x_wconf 82' lang='lat' dir='ltr'><strong>devotissimos</strong></span> <span class='ocrx_word' id='word_1_65' title='bbox 995 1213 1105 1324; x_wconf 77' lang='lat' dir='ltr'><strong>Ipsius</strong></span> 
     </span>
     <span class='ocr_line' id='line_1_10' title="bbox 63 1352 1103 1447; baseline -0.002 -24"><span class='ocrx_word' id='word_1_66' title='bbox 63 1367 125 1440; x_wconf 82' lang='lat' dir='ltr'><strong>os,</strong></span> <span class='ocrx_word' id='word_1_67' title='bbox 148 1359 217 1420; x_wconf 87' lang='lat' dir='ltr'><strong>tarn</strong></span> <span class='ocrx_word' id='word_1_68' title='bbox 238 1360 385 1423; x_wconf 86' lang='lat' dir='ltr'><strong>remotos</strong></span> <span class='ocrx_word' id='word_1_69' title='bbox 408 1354 456 1447; x_wconf 92' lang='lat' dir='ltr'><strong>ab</strong></span> <span class='ocrx_word' id='word_1_70' title='bbox 474 1359 564 1423; x_wconf 91' lang='lat' dir='ltr'><strong>omni</strong></span> <span class='ocrx_word' id='word_1_71' title='bbox 586 1353 755 1424; x_wconf 89' lang='lat' dir='ltr'><strong>doctrinae</strong></span> <span class='ocrx_word' id='word_1_72' title='bbox 771 1352 956 1421; x_wconf 87' lang='lat' dir='ltr'><strong>catholicae</strong></span> <span class='ocrx_word' id='word_1_73' title='bbox 977 1375 1103 1421; x_wconf 91' lang='lat' dir='ltr'><strong>novan-</strong></span> 
     </span>
     <span class='ocr_line' id='line_1_11' title="bbox 61 1471 1102 1562; baseline -0.005 -19"><span class='ocrx_word' id='word_1_74' title='bbox 61 1497 84 1543; x_wconf 88' lang='lat' dir='ltr'><strong>e</strong></span> <span class='ocrx_word' id='word_1_75' title='bbox 111 1471 237 1558; x_wconf 80' lang='lat' dir='ltr'><strong>studio,</strong></span> <span class='ocrx_word' id='word_1_76' title='bbox 259 1481 297 1541; x_wconf 92' lang='lat' dir='ltr'><strong>ut</strong></span> <span class='ocrx_word' id='word_1_77' title='bbox 311 1477 410 1541; x_wconf 89' lang='lat' dir='ltr'><strong>etiam</strong></span> <span class='ocrx_word' id='word_1_78' title='bbox 432 1479 504 1543; x_wconf 84' lang='lat' dir='ltr'><strong>toto</strong></span> <span class='ocrx_word' id='word_1_79' title='bbox 519 1481 656 1562; x_wconf 88' lang='lat' dir='ltr'><strong>pectore</strong></span> <span class='ocrx_word' id='word_1_80' title='bbox 670 1472 883 1561; x_wconf 87' lang='lat' dir='ltr'><strong>profiteamur</strong></span> <span class='ocrx_word' id='word_1_81' title='bbox 896 1472 988 1556; x_wconf 81' lang='lat' dir='ltr'><strong>illud,</strong></span> <span class='ocrx_word' id='word_1_82' title='bbox 1011 1472 1102 1560; x_wconf 90' lang='lat' dir='ltr'><strong>quod</strong></span> 
     </span>
     <span class='ocr_line' id='line_1_12' title="bbox 61 1588 1101 1680; baseline -0.003 -23"><span class='ocrx_word' id='word_1_83' title='bbox 61 1593 283 1659; x_wconf 84' lang='lat' dir='ltr'><strong>;Vincentius</strong></span> <span class='ocrx_word' id='word_1_84' title='bbox 297 1593 498 1662; x_wconf 77' lang='lat' dir='ltr'><strong>Lirinensis:</strong></span> <span class='ocrx_word' id='word_1_85' title='bbox 523 1592 599 1679; x_wconf 69' lang='lat' dir='ltr'><strong>„ln</strong></span> <span class='ocrx_word' id='word_1_86' title='bbox 619 1594 715 1680; x_wconf 84' lang='lat' dir='ltr'><strong>ipsa</strong></span> <span class='ocrx_word' id='word_1_87' title='bbox 736 1588 947 1659; x_wconf 86' lang='lat' dir='ltr'><strong>catholica</strong></span> <span class='ocrx_word' id='word_1_88' title='bbox 968 1588 1101 1657; x_wconf 84' lang='lat' dir='ltr'><strong>eccle·</strong></span> 
     </span>
     <span class='ocr_line' id='line_1_13' title="bbox 61 1708 1099 1798; baseline -0.004 -21"><span class='ocrx_word' id='word_1_89' title='bbox 61 1733 84 1777; x_wconf 91' lang='lat' dir='ltr'><strong>a</strong></span> <span class='ocrx_word' id='word_1_90' title='bbox 114 1731 358 1798; x_wconf 83' lang='lat' dir='ltr'><strong>magnopere</strong></span> <span class='ocrx_word' id='word_1_91' title='bbox 381 1711 603 1779; x_wconf 87' lang='lat' dir='ltr'><strong>curandum</strong></span> <span class='ocrx_word' id='word_1_92' title='bbox 624 1716 706 1793; x_wconf 89' lang='lat' dir='ltr'><strong>est,</strong></span> <span class='ocrx_word' id='word_1_93' title='bbox 737 1715 784 1776; x_wconf 92' lang='lat' dir='ltr'><strong>ut</strong></span> <span class='ocrx_word' id='word_1_94' title='bbox 803 1708 844 1775; x_wconf 93' lang='lat' dir='ltr'><strong>id</strong></span> <span class='ocrx_word' id='word_1_95' title='bbox 869 1715 1099 1792; x_wconf 80' lang='lat' dir='ltr'><strong>teneamus,</strong></span> 
     </span>
     <span class='ocr_line' id='line_1_14' title="bbox 61 1826 1098 1919; baseline -0.006 -22"><span class='ocrx_word' id='word_1_96' title='bbox 61 1829 135 1897; x_wconf 84' lang='lat' dir='ltr'><strong>rod</strong></span> <span class='ocrx_word' id='word_1_97' title='bbox 161 1828 332 1919; x_wconf 78' lang='lat' dir='ltr'><strong>ubique²</strong></span> <span class='ocrx_word' id='word_1_98' title='bbox 364 1829 474 1917; x_wconf 91' lang='lat' dir='ltr'><strong>quod</strong></span> <span class='ocrx_word' id='word_1_99' title='bbox 496 1849 674 1915; x_wconf 77' lang='lat' dir='ltr'><strong>semper,</strong></span> <span class='ocrx_word' id='word_1_100' title='bbox 706 1829 815 1916; x_wconf 87' lang='lat' dir='ltr'><strong>quod</strong></span> <span class='ocrx_word' id='word_1_101' title='bbox 836 1827 885 1894; x_wconf 92' lang='lat' dir='ltr'><strong>ab</strong></span> <span class='ocrx_word' id='word_1_102' title='bbox 907 1826 1098 1897; x_wconf 87' lang='lat' dir='ltr'><strong>omnibus</strong></span> 
     </span>
    </p>
   </div>
   <div class='ocr_carea' id='block_1_6' title="bbox 61 1933 1223 2034">
    <p class='ocr_par' dir='ltr' id='par_1_6' title="bbox 61 1933 1223 2034">
     <span class='ocr_line' id='line_1_15' title="bbox 61 1933 1223 2034; baseline -0.001 -24"><span class='ocrx_word' id='word_1_103' title='bbox 61 1945 226 2013; x_wconf 66' lang='lat' dir='ltr'><strong>editum</strong></span> <span class='ocrx_word' id='word_1_104' title='bbox 254 1951 360 2020; x_wconf 56' lang='lat' dir='ltr'><strong>est.,“</strong></span> <span class='ocrx_word' id='word_1_105' title='bbox 402 1947 500 2015; x_wconf 89' lang='lat' dir='ltr'><strong>Hanc</strong></span> <span class='ocrx_word' id='word_1_106' title='bbox 530 1933 676 2034; x_wconf 80' lang='lat' dir='ltr'><strong>regulam</strong></span> <span class='ocrx_word' id='word_1_107' title='bbox 704 1947 762 2034; x_wconf 88' lang='lat' dir='ltr'><strong>qui</strong></span> <span class='ocrx_word' id='word_1_108' title='bbox 791 1951 826 2012; x_wconf 87' lang='lat' dir='ltr'><strong>et</strong></span> <span class='ocrx_word' id='word_1_109' title='bbox 852 1965 912 2014; x_wconf 92' lang='lat' dir='ltr'><strong>ore</strong></span> <span class='ocrx_word' id='word_1_110' title='bbox 938 1942 1097 2016; x_wconf 89' lang='lat' dir='ltr'><strong>etcorde</strong></span> <span class='ocrx_word' id='word_1_111' title='bbox 1163 1986 1184 2011; x_wconf 87' lang='lat'><strong>-.</strong></span> <span class='ocrx_word' id='word_1_112' title='bbox 1220 1976 1223 1981; x_wconf 95' lang='lat'>·</span> 
     </span>
    </p>
   </div>
   <div class='ocr_carea' id='block_1_7' title="bbox 61 2053 1191 3330">
    <p class='ocr_par' dir='ltr' id='par_1_7' title="bbox 61 2053 1191 3330">
     <span class='ocr_line' id='line_1_16' title="bbox 61 2053 1123 2154; baseline -0.004 -22"><span class='ocrx_word' id='word_1_113' title='bbox 61 2064 205 2150; x_wconf 71' lang='lat' dir='ltr'><strong>firmant,</strong></span> <span class='ocrx_word' id='word_1_114' title='bbox 238 2068 298 2154; x_wconf 76' lang='lat' dir='ltr'><strong>qui</strong></span> <span class='ocrx_word' id='word_1_115' title='bbox 326 2067 425 2131; x_wconf 89' lang='lat' dir='ltr'><strong>etiam</strong></span> <span class='ocrx_word' id='word_1_116' title='bbox 445 2064 675 2153; x_wconf 79' lang='lat' dir='ltr'><strong>Magisterium</strong></span> <span class='ocrx_word' id='word_1_117' title='bbox 701 2066 735 2131; x_wconf 90' lang='lat' dir='ltr'><strong>in</strong></span> <span class='ocrx_word' id='word_1_118' title='bbox 757 2063 904 2133; x_wconf 83' lang='lat' dir='ltr'><strong>ecclesia</strong></span> <span class='ocrx_word' id='word_1_119' title='bbox 931 2053 1123 2131; x_wconf 84' lang='lat' dir='ltr'><strong>catholica</strong></span> 
     </span>
     <span class='ocr_line' id='line_1_17' title="bbox 61 2180 1095 2272; baseline -0.007 -20"><span class='ocrx_word' id='word_1_120' title='bbox 61 2187 244 2252; x_wconf 80' lang='lat' dir='ltr'><strong>rtissbnum</strong></span> <span class='ocrx_word' id='word_1_121' title='bbox 272 2182 414 2250; x_wconf 75' lang='lat' dir='ltr'><strong>traditae</strong></span> <span class='ocrx_word' id='word_1_122' title='bbox 442 2180 614 2252; x_wconf 86' lang='lat' dir='ltr'><strong>doctrinae</strong></span> <span class='ocrx_word' id='word_1_123' title='bbox 641 2185 856 2272; x_wconf 83' lang='lat' dir='ltr'><strong>interpretem</strong></span> <span class='ocrx_word' id='word_1_124' title='bbox 884 2203 926 2250; x_wconf 89' lang='lat' dir='ltr'><strong>ao</strong></span> <span class='ocrx_word' id='word_1_125' title='bbox 952 2181 1095 2248; x_wconf 89' lang='lat' dir='ltr'><strong>iudicem</strong></span> 
     </span>
     <span class='ocr_line' id='line_1_18' title="bbox 61 2296 1092 2390; baseline -0.007 -21"><span class='ocrx_word' id='word_1_126' title='bbox 61 2308 217 2387; x_wconf 86' lang='lat' dir='ltr'><strong>noscunt,</strong></span> <span class='ocrx_word' id='word_1_127' title='bbox 238 2301 303 2368; x_wconf 85' lang='lat' dir='ltr'><strong>hos</strong></span> <span class='ocrx_word' id='word_1_128' title='bbox 325 2306 529 2390; x_wconf 77' lang='lat' dir='ltr'><strong>certe,·quia</strong></span> <span class='ocrx_word' id='word_1_129' title='bbox 552 2300 696 2370; x_wconf 87' lang='lat' dir='ltr'><strong>deficere</strong></span> <span class='ocrx_word' id='word_1_130' title='bbox 717 2325 738 2368; x_wconf 90' lang='lat' dir='ltr'><strong>a</strong></span> <span class='ocrx_word' id='word_1_131' title='bbox 759 2301 824 2369; x_wconf 88' lang='lat' dir='ltr'><strong>fide</strong></span> <span class='ocrx_word' id='word_1_132' title='bbox 848 2321 916 2369; x_wconf 90' lang='lat' dir='ltr'><strong>uon</strong></span> <span class='ocrx_word' id='word_1_133' title='bbox 935 2296 1092 2387; x_wconf 77' lang='lat' dir='ltr'><strong>possunt,</strong></span> 
     </span>
     <span class='ocr_line' id='line_1_19' title="bbox 61 2414 1093 2507; baseline -0.006 -21"><span class='ocrx_word' id='word_1_134' title='bbox 61 2442 173 2486; x_wconf 85' lang='lat' dir='ltr'><strong>nnare</strong></span> <span class='ocrx_word' id='word_1_135' title='bbox 194 2440 261 2487; x_wconf 88' lang='lat' dir='ltr'><strong>non</strong></span> <span class='ocrx_word' id='word_1_136' title='bbox 280 2426 397 2507; x_wconf 88' lang='lat' dir='ltr'><strong>potest</strong></span> <span class='ocrx_word' id='word_1_137' title='bbox 406 2417 652 2488; x_wconf 72' lang='lat' dir='ltr'><strong>sanctissimus</strong></span> <span class='ocrx_word' id='word_1_138' title='bbox 662 2419 775 2504; x_wconf 83' lang='lat' dir='ltr'><strong>Pater,</strong></span> <span class='ocrx_word' id='word_1_139' title='bbox 795 2440 907 2507; x_wconf 82' lang='lat' dir='ltr'><strong>neque</strong></span> <span class='ocrx_word' id='word_1_140' title='bbox 924 2414 1093 2485; x_wconf 84' lang='lat' dir='ltr'><strong>damnabit</strong></span> 
     </span>
     <span class='ocr_line' id='line_1_20' title="bbox 61 2535 1090 2627; baseline -0.004 -24"><span class='ocrx_word' id='word_1_141' title='bbox 61 2558 177 2626; x_wconf 68' lang='lat' dir='ltr'><strong>puam,</strong></span> <span class='ocrx_word' id='word_1_142' title='bbox 210 2536 273 2606; x_wconf 85' lang='lat' dir='ltr'><strong>aed</strong></span> <span class='ocrx_word' id='word_1_143' title='bbox 293 2559 357 2605; x_wconf 88' lang='lat' dir='ltr'><strong>sua</strong></span> <span class='ocrx_word' id='word_1_144' title='bbox 377 2541 491 2627; x_wconf 87' lang='lat' dir='ltr'><strong>potius</strong></span> <span class='ocrx_word' id='word_1_145' title='bbox 513 2540 712 2623; x_wconf 82' lang='lat' dir='ltr'><strong>auctoritate</strong></span> <span class='ocrx_word' id='word_1_146' title='bbox 740 2536 897 2605; x_wconf 86' lang='lat' dir='ltr'><strong>tuebitur.</strong></span> <span class='ocrx_word' id='word_1_147' title='bbox 940 2535 997 2606; x_wconf 88' lang='lat' dir='ltr'><strong>Ad</strong></span> <span class='ocrx_word' id='word_1_148' title='bbox 1015 2555 1090 2600; x_wconf 84' lang='lat' dir='ltr'><strong>rne-</strong></span> 
     </span>
     <span class='ocr_line' id='line_1_21' title="bbox 61 2647 1089 2746; baseline -0.005 -21"><span class='ocrx_word' id='word_1_149' title='bbox 61 2654 180 2725; x_wconf 87' lang='lat' dir='ltr'><strong>odum</strong></span> <span class='ocrx_word' id='word_1_150' title='bbox 202 2647 396 2744; x_wconf 86' lang='lat' dir='ltr'><strong>disciplinae</strong></span> <span class='ocrx_word' id='word_1_151' title='bbox 415 2656 626 2744; x_wconf 80' lang='lat' dir='ltr'><strong>theologicae</strong></span> <span class='ocrx_word' id='word_1_152' title='bbox 649 2655 911 2742; x_wconf 83' lang='lat' dir='ltr'><strong>confirmandae,</strong></span> <span class='ocrx_word' id='word_1_153' title='bbox 940 2660 1089 2746; x_wconf 86' lang='lat' dir='ltr'><strong>pertrac-</strong></span> 
     </span>
     <span class='ocr_line' id='line_1_22' title="bbox 61 2772 1086 2864; baseline -0.003 -23"><span class='ocrx_word' id='word_1_154' title='bbox 61 2775 135 2841; x_wconf 76' lang='lat' dir='ltr'><strong>rdae</strong></span> <span class='ocrx_word' id='word_1_155' title='bbox 157 2780 193 2842; x_wconf 87' lang='lat' dir='ltr'><strong>et</strong></span> <span class='ocrx_word' id='word_1_156' title='bbox 212 2772 435 2864; x_wconf 88' lang='lat' dir='ltr'><strong>perficiendae</strong></span> <span class='ocrx_word' id='word_1_157' title='bbox 457 2775 549 2864; x_wconf 86' lang='lat' dir='ltr'><strong>quod</strong></span> <span class='ocrx_word' id='word_1_158' title='bbox 570 2778 706 2862; x_wconf 84' lang='lat' dir='ltr'><strong>attinet,</strong></span> <span class='ocrx_word' id='word_1_159' title='bbox 727 2799 807 2845; x_wconf 88' lang='lat' dir='ltr'><strong>mea</strong></span> <span class='ocrx_word' id='word_1_160' title='bbox 828 2777 995 2845; x_wconf 82' lang='lat' dir='ltr'><strong>sententia</strong></span> <span class='ocrx_word' id='word_1_161' title='bbox 1015 2775 1086 2839; x_wconf 88' lang='lat' dir='ltr'><strong>iure</strong></span> 
     </span>
     <span class='ocr_line' id='line_1_23' title="bbox 61 2891 1087 2983; baseline -0.003 -23"><span class='ocrx_word' id='word_1_162' title='bbox 61 2895 184 2981; x_wconf 90' lang='lat' dir='ltr'><strong>petitur</strong></span> <span class='ocrx_word' id='word_1_163' title='bbox 211 2893 474 2983; x_wconf 83' lang='lat' dir='ltr'><strong>concediturque</strong></span> <span class='ocrx_word' id='word_1_164' title='bbox 502 2915 543 2961; x_wconf 91' lang='lat' dir='ltr'><strong>ea</strong></span> <span class='ocrx_word' id='word_1_165' title='bbox 569 2891 726 2979; x_wconf 83' lang='lat' dir='ltr'><strong>libertas,</strong></span> <span class='ocrx_word' id='word_1_166' title='bbox 755 2916 842 2982; x_wconf 86' lang='lat' dir='ltr'><strong>quae</strong></span> <span class='ocrx_word' id='word_1_167' title='bbox 868 2891 949 2961; x_wconf 90' lang='lat' dir='ltr'><strong>nibil</strong></span> <span class='ocrx_word' id='word_1_168' title='bbox 974 2891 1087 2975; x_wconf 86' lang='lat' dir='ltr'><strong>habet,</strong></span> 
     </span>
     <span class='ocr_line' id='line_1_24' title="bbox 61 2991 1085 3098; baseline -0.005 -21"><span class='ocrx_word' id='word_1_169' title='bbox 61 3010 104 3077; x_wconf 93' lang='lat' dir='ltr'><strong>od</strong></span> <span class='ocrx_word' id='word_1_170' title='bbox 136 3015 263 3098; x_wconf 82' lang='lat' dir='ltr'><strong>pugnet</strong></span> <span class='ocrx_word' id='word_1_171' title='bbox 295 3000 488 3079; x_wconf 83' lang='lat' dir='ltr'><strong>ullomodo</strong></span> <span class='ocrx_word' id='word_1_172' title='bbox 519 2991 601 3078; x_wconf 88' lang='lat' dir='ltr'><strong>cum</strong></span> <span class='ocrx_word' id='word_1_173' title='bbox 620 3007 695 3077; x_wconf 84' lang='lat' dir='ltr'><strong>fide.</strong></span> <span class='ocrx_word' id='word_1_174' title='bbox 744 3009 801 3077; x_wconf 88' lang='lat' dir='ltr'><strong>De</strong></span> <span class='ocrx_word' id='word_1_175' title='bbox 828 3009 894 3078; x_wconf 87' lang='lat' dir='ltr'><strong>bac</strong></span> <span class='ocrx_word' id='word_1_176' title='bbox 920 3008 1085 3091; x_wconf 79' lang='lat' dir='ltr'><strong>libertate,</strong></span> 
     </span>
     <span class='ocr_line' id='line_1_25' title="bbox 61 3114 1191 3219; baseline -0.003 -24"><span class='ocrx_word' id='word_1_177' title='bbox 61 3114 100 3196; x_wconf 87' lang='lat' dir='ltr'><strong>a&#39;e</strong></span> <span class='ocrx_word' id='word_1_178' title='bbox 126 3127 390 3218; x_wconf 87' lang='lat' dir='ltr'><strong>non-egreditur</strong></span> <span class='ocrx_word' id='word_1_179' title='bbox 416 3127 502 3197; x_wconf 89' lang='lat' dir='ltr'><strong>ultra</strong></span> <span class='ocrx_word' id='word_1_180' title='bbox 529 3131 639 3196; x_wconf 85' lang='lat' dir='ltr'><strong>iustos</strong></span> <span class='ocrx_word' id='word_1_181' title='bbox 662 3127 847 3219; x_wconf 79' lang='lat' dir='ltr'><strong>cancellos,</strong></span> <span class='ocrx_word' id='word_1_182' title='bbox 875 3149 962 3215; x_wconf 87' lang='lat' dir='ltr'><strong>quae</strong></span> <span class='ocrx_word' id='word_1_183' title='bbox 984 3125 1085 3210; x_wconf 80' lang='lat' dir='ltr'><strong>utilis,</strong></span> <span class='ocrx_word' id='word_1_184' title='bbox 1185 3153 1191 3164; x_wconf 64' lang='lat'><strong><em>¹</em></strong></span> 
     </span>
     <span class='ocr_line' id='line_1_26' title="bbox 61 3225 1085 3330; baseline -0.005 -15"><span class='ocrx_word' id='word_1_185' title='bbox 61 3225 109 3315; x_wconf 88' lang='lat' dir='ltr'><strong>mo</strong></span> <span class='ocrx_word' id='word_1_186' title='bbox 137 3251 237 3316; x_wconf 91' lang='lat' dir='ltr'><strong>etiam</strong></span> <span class='ocrx_word' id='word_1_187' title='bbox 257 3249 451 3326; x_wconf 83' lang='lat' dir='ltr'><strong>necessaria</strong></span> <span class='ocrx_word' id='word_1_188' title='bbox 469 3254 544 3330; x_wconf 87' lang='lat' dir='ltr'><strong>eat,</strong></span> <span class='ocrx_word' id='word_1_189' title='bbox 573 3245 722 3315; x_wconf 85' lang='lat' dir='ltr'><strong>voluisse</strong></span> <span class='ocrx_word' id='word_1_190' title='bbox 743 3244 1001 3314; x_wconf 82' lang='lat' dir='ltr'><strong>sanctissimum</strong></span> <span class='ocrx_word' id='word_1_191' title='bbox 1021 3246 1085 3315; x_wconf 89' lang='lat' dir='ltr'><strong>Pa·</strong></span> 
     </span>
    </p>
   </div>
   <div class='ocr_carea' id='block_1_8' title="bbox 61 3410 217 3426">
    <p class='ocr_par' dir='ltr' id='par_1_8' title="bbox 61 3410 217 3426">
     <span class='ocr_line' id='line_1_27' title="bbox 61 3410 217 3426; baseline -0.013 0"><span class='ocrx_word' id='word_1_192' title='bbox 61 3410 217 3426; x_wconf 54' lang='grc' dir='ltr'><strong>*π’*</strong></span> 
     </span>
    </p>
   </div>
   <div class='ocr_carea' id='block_1_9' title="bbox 62 3490 1083 3665">
    <p class='ocr_par' dir='ltr' id='par_1_9' title="bbox 62 3490 1083 3665">
     <span class='ocr_line' id='line_1_28' title="bbox 62 3490 1082 3580; baseline -0.006 -25"><span class='ocrx_word' id='word_1_193' title='bbox 62 3508 74 3572; x_wconf 93' lang='grc'>)</span> <span class='ocrx_word' id='word_1_194' title='bbox 95 3503 170 3556; x_wconf 83' lang='lat' dir='ltr'><strong>Idem</strong></span> <span class='ocrx_word' id='word_1_195' title='bbox 187 3490 295 3556; x_wconf 83' lang='lat' dir='ltr'><strong>ineunte</strong></span> <span class='ocrx_word' id='word_1_196' title='bbox 313 3518 383 3554; x_wconf 81' lang='lat' dir='ltr'><strong>anno</strong></span> <span class='ocrx_word' id='word_1_197' title='bbox 400 3503 543 3573; x_wconf 81' lang='lat' dir='ltr'><strong>superiori,</strong></span> <span class='ocrx_word' id='word_1_198' title='bbox 561 3503 682 3580; x_wconf 80' lang='lat' dir='ltr'><strong>nondum</strong></span> <span class='ocrx_word' id='word_1_199' title='bbox 700 3502 778 3555; x_wconf 84' lang='lat' dir='ltr'><strong>editis</strong></span> <span class='ocrx_word' id='word_1_200' title='bbox 795 3501 894 3554; x_wconf 84' lang='lat' dir='ltr'><strong>litteris</strong></span> <span class='ocrx_word' id='word_1_201' title='bbox 911 3500 1082 3572; x_wconf 65' lang='lat' dir='ltr'><strong>Apostolicia</strong></span> 
     </span>
     <span class='ocr_line' id='line_1_29' title="bbox 96 3584 1083 3665; baseline -0.001 -25"><span class='ocrx_word' id='word_1_202' title='bbox 96 3590 280 3654; x_wconf 70' lang='lat' dir='ltr'><strong>Bruuius,</strong></span> <span class='ocrx_word' id='word_1_203' title='bbox 302 3587 472 3657; x_wconf 77' lang='lat' dir='ltr'><strong>Theologiae&#39;</strong></span> <span class='ocrx_word' id='word_1_204' title='bbox 482 3588 623 3642; x_wconf 78' lang='lat' dir='ltr'><strong>Professor</strong></span> <span class='ocrx_word' id='word_1_205' title='bbox 637 3590 667 3641; x_wconf 85' lang='lat' dir='ltr'><strong>in</strong></span> <span class='ocrx_word' id='word_1_206' title='bbox 684 3588 825 3665; x_wconf 77' lang='lat' dir='ltr'><strong>Academia</strong></span> <span class='ocrx_word' id='word_1_207' title='bbox 843 3587 989 3645; x_wconf 68' lang='lat' dir='ltr'><strong>Bounimai,</strong></span> <span class='ocrx_word' id='word_1_208' title='bbox 1007 3584 1083 3639; x_wconf 83' lang='lat' dir='ltr'><strong>lucu·</strong></span> 
     </span>
    </p>
   </div>
   <div class='ocr_carea' id='block_1_10' title="bbox 100 3662 1231 3744">
    <p class='ocr_par' dir='ltr' id='par_1_10' title="bbox 100 3662 1231 3744">
     <span class='ocr_line' id='line_1_30' title="bbox 100 3662 1231 3744; baseline -0.008 -16"><span class='ocrx_word' id='word_1_209' title='bbox 100 3677 188 3728; x_wconf 87' lang='lat' dir='ltr'><strong>lenter</strong></span> <span class='ocrx_word' id='word_1_210' title='bbox 205 3676 400 3727; x_wconf 84' lang='lat' dir='ltr'><strong>demonstravit</strong></span> <span class='ocrx_word' id='word_1_211' title='bbox 415 3677 445 3726; x_wconf 88' lang='lat' dir='ltr'><strong>iu</strong></span> <span class='ocrx_word' id='word_1_212' title='bbox 462 3674 544 3736; x_wconf 89' lang='lat' dir='ltr'><strong>libro,</strong></span> <span class='ocrx_word' id='word_1_213' title='bbox 562 3677 609 3744; x_wconf 84' lang='lat' dir='ltr'><strong>qui</strong></span> <span class='ocrx_word' id='word_1_214' title='bbox 625 3675 665 3728; x_wconf 69' lang='lat' dir='ltr'><strong>ita</strong></span> <span class='ocrx_word' id='word_1_215' title='bbox 683 3675 830 3744; x_wconf 83' lang='lat' dir='ltr'><strong>inscriptus</strong></span> <span class='ocrx_word' id='word_1_216' title='bbox 848 3679 903 3724; x_wconf 71' lang='lat' dir='ltr'><strong>este</strong></span> <span class='ocrx_word' id='word_1_217' title='bbox 926 3672 999 3733; x_wconf 88' lang='lat' dir='ltr'><strong>„Die</strong></span> <span class='ocrx_word' id='word_1_218' title='bbox 1015 3662 1084 3721; x_wconf 63' lang='lat' dir='ltr'><strong>L&#39;ehss</strong></span> <span class='ocrx_word' id='word_1_219' title='bbox 1117 3691 1119 3695; x_wconf 95' lang='lat'>·</span> <span class='ocrx_word' id='word_1_220' title='bbox 1229 3704 1231 3711; x_wconf 46' lang='grc' dir='ltr'><strong><em>ι</em></strong></span> 
     </span>
    </p>
   </div>
   <div class='ocr_carea' id='block_1_11' title="bbox 93 3757 1083 4174">
    <p class='ocr_par' dir='ltr' id='par_1_11' title="bbox 93 3757 1083 4174">
     <span class='ocr_line' id='line_1_31' title="bbox 93 3757 1083 3830; baseline -0.005 -19"><span class='ocrx_word' id='word_1_221' title='bbox 93 3778 145 3811; x_wconf 84' lang='lat' dir='ltr'><strong>ren</strong></span> <span class='ocrx_word' id='word_1_222' title='bbox 163 3761 211 3812; x_wconf 84' lang='lat' dir='ltr'><strong>des</strong></span> <span class='ocrx_word' id='word_1_223' title='bbox 229 3765 412 3830; x_wconf 74' lang='lat' dir='ltr'><strong>aogemnten</strong></span> <span class='ocrx_word' id='word_1_224' title='bbox 435 3759 676 3815; x_wconf 81' lang='lat' dir='ltr'><strong>Hermesianiamua</strong></span> <span class='ocrx_word' id='word_1_225' title='bbox 700 3760 768 3813; x_wconf 72' lang='lat' dir='ltr'><strong>iiber</strong></span> <span class='ocrx_word' id='word_1_226' title='bbox 785 3760 833 3811; x_wconf 83' lang='lat' dir='ltr'><strong>das</strong></span> <span class='ocrx_word' id='word_1_227' title='bbox 849 3757 1019 3810; x_wconf 71' lang='lat' dir='ltr'><strong>Verbiltniss</strong></span> <span class='ocrx_word' id='word_1_228' title='bbox 1035 3757 1083 3808; x_wconf 86' lang='lat' dir='ltr'><strong>der</strong></span> 
     </span>
     <span class='ocr_line' id='line_1_32' title="bbox 96 3844 1081 3916; baseline -0.002 -22"><span class='ocrx_word' id='word_1_229' title='bbox 96 3845 232 3905; x_wconf 74' lang='lat' dir='ltr'><strong>Vernanft</strong></span> <span class='ocrx_word' id='word_1_230' title='bbox 255 3864 305 3898; x_wconf 82' lang='lat' dir='ltr'><strong>zur</strong></span> <span class='ocrx_word' id='word_1_231' title='bbox 328 3844 514 3915; x_wconf 73' lang='lat' dir='ltr'><strong>Offeubarung</strong></span> <span class='ocrx_word' id='word_1_232' title='bbox 535 3847 738 3916; x_wconf 69' lang='lat' dir='ltr'><strong>gutgebeiaseu,</strong></span> <span class='ocrx_word' id='word_1_233' title='bbox 761 3847 817 3897; x_wconf 89' lang='lat' dir='ltr'><strong>und</strong></span> <span class='ocrx_word' id='word_1_234' title='bbox 840 3846 883 3896; x_wconf 82' lang='lat' dir='ltr'><strong>die</strong></span> <span class='ocrx_word' id='word_1_235' title='bbox 900 3847 1081 3911; x_wconf 77' lang='lat' dir='ltr'><strong>euigegenste·</strong></span> 
     </span>
     <span class='ocr_line' id='line_1_33' title="bbox 96 3929 1081 4001; baseline -0.006 -18"><span class='ocrx_word' id='word_1_236' title='bbox 96 3931 202 3983; x_wconf 81' lang='lat' dir='ltr'><strong>handen</strong></span> <span class='ocrx_word' id='word_1_237' title='bbox 219 3932 365 3984; x_wconf 82' lang='lat' dir='ltr'><strong>Ansiebten</strong></span> <span class='ocrx_word' id='word_1_238' title='bbox 384 3931 424 3984; x_wconf 78' lang='lat' dir='ltr'><strong>alr</strong></span> <span class='ocrx_word' id='word_1_239' title='bbox 441 3932 528 3984; x_wconf 82' lang='lat' dir='ltr'><strong>falsrh</strong></span> <span class='ocrx_word' id='word_1_240' title='bbox 547 3933 603 3985; x_wconf 88' lang='lat' dir='ltr'><strong>und</strong></span> <span class='ocrx_word' id='word_1_241' title='bbox 620 3930 770 4001; x_wconf 67' lang='lat' dir='ltr'><strong>gembrlicb</strong></span> <span class='ocrx_word' id='word_1_242' title='bbox 786 3931 934 3982; x_wconf 68' lang='lat' dir='ltr'><strong>benvorscu</strong></span> <span class='ocrx_word' id='word_1_243' title='bbox 951 3946 1004 3978; x_wconf 81' lang='lat' dir='ltr'><strong>von</strong></span> <span class='ocrx_word' id='word_1_244' title='bbox 1021 3929 1081 3978; x_wconf 88' lang='lat' dir='ltr'><strong>dem</strong></span> 
     </span>
     <span class='ocr_line' id='line_1_34' title="bbox 94 4014 1080 4088; baseline -0.004 -22"><span class='ocrx_word' id='word_1_245' title='bbox 94 4015 220 4071; x_wconf 69' lang='lat' dir='ltr'><strong>brachare</strong></span> <span class='ocrx_word' id='word_1_246' title='bbox 237 4033 289 4069; x_wconf 87' lang='lat' dir='ltr'><strong>von</strong></span> <span class='ocrx_word' id='word_1_247' title='bbox 308 4016 466 4087; x_wconf 77' lang='lat' dir='ltr'><strong>strasburg,</strong></span> <span class='ocrx_word' id='word_1_248' title='bbox 485 4016 573 4069; x_wconf 83' lang='lat' dir='ltr'><strong>Herm</strong></span> <span class='ocrx_word' id='word_1_249' title='bbox 590 4016 628 4069; x_wconf 86' lang='lat' dir='ltr'><strong>Lo</strong></span> <span class='ocrx_word' id='word_1_250' title='bbox 645 4020 736 4088; x_wconf 80' lang='lat' dir='ltr'><strong>Pappa</strong></span> <span class='ocrx_word' id='word_1_251' title='bbox 754 4017 787 4068; x_wconf 83' lang='lat' dir='ltr'><strong>de</strong></span> <span class='ocrx_word' id='word_1_252' title='bbox 805 4017 931 4076; x_wconf 81' lang='lat' dir='ltr'><strong>Trevern,</strong></span> <span class='ocrx_word' id='word_1_253' title='bbox 949 4014 1028 4066; x_wconf 80' lang='lat' dir='ltr'><strong>nebat</strong></span> <span class='ocrx_word' id='word_1_254' title='bbox 1044 4014 1080 4063; x_wconf 87' lang='lat' dir='ltr'><strong>ei-</strong></span> 
     </span>
     <span class='ocr_line' id='line_1_35' title="bbox 94 4097 1080 4174; baseline -0.006 -18"><span class='ocrx_word' id='word_1_255' title='bbox 94 4119 155 4157; x_wconf 81' lang='lat' dir='ltr'><strong>ueua</strong></span> <span class='ocrx_word' id='word_1_256' title='bbox 165 4101 248 4156; x_wconf 80' lang='lat' dir='ltr'><strong>Breve</strong></span> <span class='ocrx_word' id='word_1_257' title='bbox 257 4102 302 4165; x_wconf 77' lang='grc' dir='ltr'><strong>δι.</strong></span> <span class='ocrx_word' id='word_1_258' title='bbox 315 4103 487 4159; x_wconf 71' lang='lat' dir='ltr'><strong>Pibatlicbeu</strong></span> <span class='ocrx_word' id='word_1_259' title='bbox 497 4103 654 4174; x_wconf 67' lang='lat' dir='ltr'><strong>Haiiigkeit,</strong></span> <span class='ocrx_word' id='word_1_260' title='bbox 674 4102 792 4172; x_wconf 78' lang='lat' dir='ltr'><strong>Gregora</strong></span> <span class='ocrx_word' id='word_1_261' title='bbox 801 4102 873 4162; x_wconf 84' lang='lat' dir='ltr'><strong>xvl.</strong></span> <span class='ocrx_word' id='word_1_262' title='bbox 892 4103 967 4156; x_wconf 80' lang='lat' dir='ltr'><strong>Boua</strong></span> <span class='ocrx_word' id='word_1_263' title='bbox 973 4097 1080 4157; x_wconf 74' lang='lat'><strong>1855.“</strong></span> 
     </span>
    </p>
   </div>
   <div class='ocr_carea' id='block_1_12' title="bbox 0 0 1262 4792">
    <p class='ocr_par' dir='ltr' id='par_1_12' title="bbox 0 0 1262 4792">
     <span class='ocr_line' id='line_1_36' title="bbox 0 0 1262 4792; baseline 0 0"><span class='ocrx_word' id='word_1_264' title='bbox 0 0 1262 4792; x_wconf 95' lang='lat' dir='ltr'><strong> </strong></span> 
     </span>
    </p>
   </div>
  </div>
 </body>
</html>
