2596 4778
400 220 655 337 su

95 477 130 525 an
148 453 253 523 allum
273 450 544 543 expunandam
581 451 647 521 llos
677 472 873 539 responsum
895 452 987 521 dedit
1007 448 1104 541 (Luc.
1126 460 1166 544 7,

76 578 161 701 {223
181 572 305 645 Matth.
330 574 394 655 11,
416 573 475 657 ma
519 569 674 655 „Euntes
696 575 880 639 uerruntiate
900 572 1057 658 iohanni,
1080 596 1166 663 quae
1237 568 1262 619 '-

76 693 236 771 'mdistis
256 696 293 761 et
314 688 462 759 viduus:
494 693 573 779 quin
595 691 713 757 cneci
733 688 900 773 vident,
934 690 1074 765 claudi
1093 715 1167 763 am·

108 809 249 895 bolant,
270 809 436 898 leprosi
455 806 711 890 mundantur,
733 807 848 874 surdi
870 808 1048 895 audiunt,
1069 833 1167 880 mor·

111 931 159 1010 ui
176 928 433 1015 resurgunt“
475 924 582 995 Addit
601 926 720 1008 Jesus,
740 946 850 1014 neque
871 926 906 992 id
926 929 1035 1011 minus
1056 937 1167 1000 recte:

114 1065 343 1135 „pauperes
386 1041 773 1131 evangelizantur“
816 1045 940 1131 quippe
975 1047 1174 1135 significans.

93 1167 169 1241 'uim
185 1169 220 1233 ct
237 1169 392 1249 naturam
412 1163 602 1247 doctrinae,
623 1183 723 1250 qum
742 1160 931 1231 hominibus
951 1161 1059 1237 altiori
1070 1153 1168 1255 sola·

117 1284 152 1351 tio
169 1290 202 1351 et
220 1302 288 1371 ope
308 1279 535 1369 indigentibus
556 1279 783 1368 praedicabat.
826 1280 876 1351 Et
895 1283 1048 1369 prolecto
1070 1287 1176 1371 etianr.¹
1215 1272 1221 1281 ’

118 1399 215 1485 ltine
235 1406 307 1469 tam
325 1403 512 1489 praestanti
533 1399 682 1467 doctrina
707 1399 881 1487 plurimum
905 1404 1063 1470 momenti
1082 1404 1172 1475 inest

87 1514 92 1541 ³
121 1517 397 1603 udtestimonium,
418 1517 510 1607 quod
532 1517 575 1585 de
590 1539 653 1586 sua
671 1519 831 1587 missione
853 1517 957 1603 dedit,
979 1519 1179 1591 confirman-¹

125 1635 190 1704 dum
239 1637 297 1705 An
328 1636 478 1723 dicamus
512 1642 643 1725 turpem
678 1635 883 1722 daemonem,
918 1638 1173 1731 fraudrdentum,

124 1755 315 1841 perducem,
336 1776 359 1821 a
378 1754 455 1825 Deo
477 1752 619 1839 alienum
645 1756 746 1845 idque
774 1778 874 1825 unum
900 1756 1103 1847 molientem,
1135 1769 1175 1832 ut

76 1964 78 1971 Ι
127 1872 251 1955 lennes
268 1896 291 1941 a
310 1874 388 1943 Deo
416 1873 524 1961 magis
552 1874 651 1941 ctiam
679 1879 848 1943 averteret
876 1875 976 1943 etad
997 1878 1172 1967 suiobse·

76 1988 83 2075 ’,
131 1993 442 2083 quuntadnoeret,
470 1991 615 2061 insidere
636 1994 733 2061 ineo
753 1992 918 2080 potuisse,
944 1997 1002 2081 qui
1020 1995 1182 2087 doctrina,

77 2172 81 2185 .
139 2128 191 2177 sua
204 2110 424 2191 ausonam
444 2116 480 2179 et
499 2108 691 2198 impellebat
717 2130 850 2195 omncs,
878 2115 917 2181 ut
937 2131 993 2177 res
1013 2110 1176 2201 humanas

138 2225 324 2317 despicerent,
347 2230 476 2299 diuinas
491 2227 736 2301 studiosissime
750 2234 972 2313 settarentur,
993 2235 1031 2298 ut
1045 2230 1175 2303 caduca

131 2343 209 2433 donn
231 2371 390 2421 sensum
409 2347 623 2435 voluptates,
643 2348 788 2434 divitias,
810 2346 948 2437 gloriam
968 2358 1176 2438 spernerent,

76 2478 83 2593 'p
127 2472 239 2538 aelerna
257 2469 348 2539 bona
367 2472 576 2558 appeterent,
603 2472 642 2533 ut
662 2468 746 2551 veri,
768 2466 912 2551 candidi,
939 2469 1020 2535 iusti
1047 2476 1176 2557 essent,

125 2589 213 2673 parati
230 2588 274 2657 ad
304 2590 466 2659 muxirnss
499 2585 706 2654 calamitates
731 2608 794 2675 pro
821 2588 944 2656 virtute
975 2587 1178 2677 tolerandas,

125 2704 318 2795 atdeposito
340 2729 476 2776 suorum
497 2706 745 2775 commodorum
766 2704 877 2773 studio
900 2705 985 2773 alios
1008 2730 1177 2795 quoscun-

121 2841 176 2910 que
194 2822 342 2895 homines
364 2827 455 2893 siout
481 2845 522 2891 se
547 2826 643 2912 ipsos
672 2821 847 2911 diligerent
872 2845 1052 2914 eorumque
1078 2822 1180 2897 saluti
1285 2868 1288 2873 ,

119 2944 347 3030 prospicerent,
376 2950 415 3011 ut
434 2942 479 3010 ad
499 2941 621 3026 Deum,
650 2961 854 3009 communem
883 2946 1025 3011 omnium
1045 2944 1180 3035 Patrem

117 3056 304 3129 benevolum
330 3068 366 3131 et
385 3060 645 3144 misericordem,
678 3058 796 3127 oculos
824 3038 913 3127 suos*
935 3068 1180 3149 converterent,

116 3174 216 3251 Derim
236 3201 340 3270 super
368 3183 477 3248 omnia
502 3184 575 3247 toto
601 3184 740 3267 pectore
768 3183 916 3245 amarent
940 3178 975 3245 in
996 3200 1105 3266 eoque
1125 3180 1186 3273 fir·—

113 3318 192 3367 mam
210 3320 309 3389 spem
322 3304 501 3389 ponerent,
523 3297 667 3389 denique
688 3300 727 3363 ut
746 3298 781 3363 iu
801 3295 954 3366 omnibus
976 3302 1013 3365 et
1032 3298 1181 3368 affectio·

112 3416 206 3487 nilus
226 3420 325 3487 animi
347 3425 382 3490 et
403 3416 592 3487 actionibus
613 3413 657 3481 ad
683 3411 750 3483 Dei
776 3414 1019 3485 similitudinem
1040 3437 1079 3485 se
1101 3439 1182 3485 con·

110 3534 250 3605 lormare
273 3542 375 3624 atque
396 3535 462 3605 hoc
482 3534 582 3603 modo
604 3534 711 3620 magis
732 3537 905 3623 magisque
921 3556 996 3602 cum
1010 3535 1086 3604 Deo
1102 3557 1182 3604 eon·
1243 3580 1247 3591 -

108 3655 198 3743 iungi
216 3657 300 3724 totis
320 3653 448 3721 viribus
476 3647 698 3720 conarentur?
740 3647 771 3718 0
791 3651 1024 3722 stultissimum
1051 3654 1183 3723 daemo-

107 3794 194 3861 nem,
229 3773 290 3863 qui
309 3771 434 3847 talibus
455 3793 581 3841 morum
601 3769 834 3858 religionisque
855 3775 1046 3860 praeceptis
1066 3795 1087 3840 a
1107 3773 1184 3844 Deo

106 3897 261 3960 avertere
281 3889 448 3958 hominum
470 3894 597 3958 animos
619 3892 709 3958 etin
735 3911 817 3957 suas
838 3891 970 3958 trahere
996 3897 1111 3978 partes
1136 3894 1184 3959 in-

105 4007 294 4078 stituisset!
326 4010 488 4077 Potestne
508 4012 608 4096 igitur
629 4008 708 4099 illud
730 4009 851 4077 cadere
874 4011 947 4077 sive
969 4010 1186 4079 inhominem

106 4131 182 4200 sive
205 4131 240 4200 in
262 4126 352 4198 aliud
374 4127 541 4219 quoddam
557 4151 617 4198 ens
632 4131 759 4199 ratione
780 4118 977 4237 praeditum,
1000 4133 1037 4197 ut
1059 4136 1187 4198 certum
