2514 4792
641 234 720 299 vr·
861 200 864 207 ’

107 450 195 539 Ι«μςο
220 425 352 505 unllam
379 450 529 526 unquam
555 432 691 522 partem
716 422 833 523 habui,
859 420 998 499 tandem
1025 421 1207 532 silentium

127 588 293 664 servare,
324 562 423 641 nulla
455 560 608 663 amplius
640 570 761 637 contra
791 559 1046 637 Hermesianns
1071 564 1208 636 iactare

127 700 286 789 enuncia
314 697 510 775 adversarii
536 706 739 798 coeperunt.
796 693 1017 774 Videbantur
1041 696 1208 773 induciae

126 844 252 934 pactae
278 858 373 930 esse,
399 839 505 909 innno
531 804 637 915 enan
663 858 749 934 spes
774 830 871 908 laeta
895 829 1088 928 effulgebat
1112 835 1206 933 iore,

127 982 167 1059 nt
197 994 269 1070 pax
302 967 411 1046 valde
443 969 611 1068 optabilis
641 970 784 1047 rediret.
845 964 923 1047 Sed
949 966 1081 1042 leiellit
1106 994 1207 1070 spes,

127 1130 218 1207 quae
256 1110 386 1183 utinam
411 1130 481 1183 non
518 1104 730 1183 fefellisset!
788 1101 1008 1181 Adversarii
1040 1114 1101 1180 aut
1134 1110 1208 1203 ipsi

127 1250 188 1319 aut
219 1267 283 1338 per
309 1239 403 1321 alios
435 1255 689 1340 excerpserant¹
719 1245 913 1319 sententias
945 1265 993 1315 ex
1024 1241 1208 1319 Her-nesii

111 1356 253 1475 -librisp
268 1376 420 1465 Romam
445 1381 613 1457 miserant
629 1402 708 1457 curn
726 1374 1090 1459 animadversionibus
1116 1382 1207 1477 suis,

128 1524 382 1599 accusaverant
421 1513 647 1589 Hermesiurn
686 1513 781 1608 apud
814 1510 1089 1591 Sanctissimum
1124 1514 1207 1587 Pa-

127 1659 233 1745 trem,
260 1653 295 1725 in
320 1659 393 1724 tota
418 1649 495 1724 fere
522 1645 716 1729 Germania
741 1673 823 1725 eum
848 1652 939 1725 inter
964 1652 1098 1725 erroris
1124 1672 1206 1723 rna·

126 1787 260 1878 gistros
285 1787 460 1863 numerari
493 1785 708 1865 confidenter
733 1784 1012 1882 affirmaverant,
1045 1783 1206 1862 Herme-

127 1922 247 1997 siauos
279 1919 542 2019 descripserant
577 1930 740 2019 tanquam
779 1917 1103 2018 periculosissimos
1139 1943 1205 1993 ee-

127 2050 262 2131 clesiae
293 2053 497 2153 ¹catholicae
529 2056 669 2156 hostes,
705 2052 970 2154 postulaverant
1002 2064 1040 2129 et
1069 2056 1206 2152 precati

126 2198 237 2290 erant,
264 2200 303 2267 ut
327 2197 653 2291 praesentissimum
679 2189 843 2271 damourn
869 2199 1101 2273 averteretur.
1150 2190 1210 2265 lbi

127 2336 200 2401 tum
238 2324 496 2413 Sanctissimae
535 2330 650 2411 Pater
688 2337 795 2403 totam
835 2312 982 2403 causan]
1018 2323 1210 2420 diligenter

127 2461 369 2559 inquirendam
394 2466 510 2560 iussit,
542 2462 649 2559 idque
677 2466 818 2541 omnino
848 2462 971 2541 facero
994 2457 1128 2557 debuit,
1162 2489 1209 2538 ne

126 2598 341 2693 gravissimo
375 2601 512 2674 muneri
545 2596 714 2671 divinitus
744 2598 820 2695 Ipsi
851 2601 1017 2696 imposito
1051 2596 1208 2673 deesset.

125 2729 220 2843 Irata
250 2757 314 2831 per
345 2731 496 2815 Judiees
534 2738 705 2809 sententia
740 2758 810 2810 non
842 2737 962 2832 potnit·
990 2755 1059 2807 non
1097 2732 1209 2809 edere

126 2861 265 2942 litteras
281 2866 528 2967 Apostolicas‚
557 2872 687 2968 quibus
712 2871 895 2947 Hermesii
920 2869 1033 2961 libros
1060 2869 1208 2949 damua-

126 3012 193 3101 ret,
220 3012 259 3078 et
283 3003 475 3085 doctrinam
498 3004 684 3089 Hermesii
710 3004 1143 3105 [Hermesianorumque]
1171 3017 1210 3080 ut

129 3137 240 3237 „fidei
265 3138 406 3217 divinae
433 3140 664 3219 eversivam‘l
690 3152 839 3219 notaret.
891 3142 1036 3218 Exhinc
1061 3140 1208 3221 scholae

127 3271 384 3353 Hermesiauae
406 3279 443 3351 in
461 3274 652 3355 Germania
680 3279 878 3357 adversarii
892 3303 1041 3377 paeana
1065 3297 1206 3372 canere,

127 3414 282 3497 maiores
308 3416 415 3489 etiam
444 3413 568 3489 turbas
593 3425 630 3489 et
655 3412 854 3491 discordias
880 3418 1058 3512 excitare,
1085 3410 1210 3489 dicere

127 3542 258 3643 populo
290 3548 547 3625 Hermesianos
579 3574 664 3627 esse
695 3549 893 3627 haereticos
918 3572 942 3631 a
966 3547 1208 3629 sanctissino

128 3680 240 3757 Patre
272 3682 471 3785 damnatos,
510 3709 662 3785 poscere
695 3685 753 3761 hic
783 3683 880 3783 illic,
912 3695 951 3763 ut
982 3686 1210 3765 Hermesiani

129 3840 272 3893 munera
297 3823 387 3918 ipsis
413 3819 538 3896 tradita
557 3821 740 3920 deponant,
768 3845 941 3898 accusare
966 3820 1115 3897 eosdem
1140 3821 1211 3895 ob-

129 3957 314 4054 stinaciae,
355 3980 445 4054 quae
470 3968 565 4032 tanta
592 3961 656 4053 sit,
696 3965 737 4033 ut
761 3983 852 4035 nnnc
873 3959 1025 4058 quidem
1053 3960 1209 4031 scientos

121 4078 173 4165 ‘ac
204 4089 368 4174 volentes
392 4097 515 4169 'errori
542 4090 801 4175 adhaerescunt
834 4091 996 4194 aliosque
1027 4096 1067 4168 in
1099 4110 1207 4165 erra-
