2514 4792
653 238 732 305 106

155 440 247 511 firme
267 441 304 503 et
323 433 532 509 constanter,
563 432 603 493 ut
622 445 737 493 omues
760 431 795 492 et
822 428 1044 519 appetitiones
1067 432 1103 497 et
1124 432 1234 498 aetio·

75 621 80 637 ,
154 576 218 626 nes
238 559 374 627 nostras
394 548 515 635 dirigat
540 544 585 613 ad
603 542 747 621 honesta
772 542 953 630 (moraliter
973 542 1076 632 hona)
1095 547 1233 635 perfici.

154 674 269 758 πᾶα,
287 669 353 738 hoo
374 672 444 750 est,
477 687 517 733 eo
540 663 674 750 dirigm,
707 667 744 729 ut
766 667 801 729 et
821 661 961 729 velimus
982 666 1108 750 omnia,
1140 689 1232 755 quae

152 792 353 873 vot-neus,
375 793 410 856 et
429 786 594 873 fugiamus
614 784 734 865 omnia,
756 802 841 869 quae
856 779 900 847 ab
916 783 990 868 ipso
1012 782 1121 852 aliena
1136 792 1231 873 suut,

152 907 342 1000 atquolroc
362 904 480 989 modo,
511 898 687 970 servantes
716 899 871 965 mandata
893 900 1006 969 divina
1024 923 1161 991 nosque
1184 905 1231 973 ad

25 1030 30 1041 1
150 1026 407 1099 ,pmffifflpjm
428 1022 495 1090 Dei
527 1018 626 1109 plane
661 1019 907 1085 conformantes
943 1019 1162 1107 disponamur
1196 1030 1231 1091 et

149 1150 220 1239 apti
238 1146 357 1217 fimus
376 1141 426 1212 od
442 1114 691 1228 adipisdeudam
710 1136 853 1205 salutem
872 1158 935 1205 seu
956 1134 1156 1208 beatitatem
1171 1162 1228 1213 ae·

36 1332 41 1339 .
147 1273 285 1337 ternam.
328 1261 386 1333 Ex
415 1257 471 1329 his
501 1261 567 1325 iam
588 1255 692 1348 facile·
707 1263 864 1345 apparet,
897 1258 979 1347 quid
1008 1281 1071 1350 per
1100 1267 1227 1329 actus

149 1385 379 1467 salutares,
400 1382 621 1466 itemqueper
641 1398 770 1471 opera
791 1374 1014 1463 salutaria,
1036 1378 1226 1468 intelligen-

148 1504 227 1573 dum
247 1506 302 1571 sit
344 1496 511 1570 Videlicet
531 1500 628 1563 actus
643 1493 799 1563 salutaris
813 1497 844 1562 is
859 1502 924 1581 est,
946 1519 1014 1587 quo
1035 1500 1111 1566 sive
1132 1522 1224 1587 pru·

146 1623 255 1691 xime
275 1622 350 1688 sive
371 1620 528 1687 remote
549 1611 703 1701 efficitur,
723 1619 763 1681 ut
781 1611 839 1707 lex
848 1613 903 1680 illa
913 1615 1095 1705 spiritualis
1118 1639 1222 1706 supe·

70 1748 73 1753 '
145 1743 212 1810 rior
231 1738 291 1807 fiat
309 1735 367 1807 vel
387 1736 486 1803 etiam
507 1733 658 1819 superior
677 1739 810 1801 maneat
829 1736 1051 1824 maioremque
1073 1738 1145 1805 vim
1166 1757 1223 1806 ac·

137 1859 259 1949 cipiet,
281 1860 382 1944 atque
403 1856 450 1921 ita
470 1850 627 1940 disponat
645 1872 709 1920 uos
731 1852 776 1921 ad
796 1851 947 1921 salutem.

227 1973 293 2045 His
313 1973 496 2062 propositis
517 1968 761 2040 delinitionibus
775 1972 971 2040 Hermesius
992 1975 1136 2061 primum
1158 1996 1221 2064 ge·

141 2094 318 2185 notatim
339 2090 546 2160 demonstrat
565 2091 656 2177 (pag.
677 2090 759 2156 lilii)
780 2092 856 2177 ss),
877 2094 1017 2179 gratiam
1036 2086 1218 2180 actualem,

139 2208 482 2304 supernaturalemet
500 2210 662 2293 internam
682 2210 782 2277 etiam
802 2208 990 2278 iustificatis
1011 2213 1146 2279 omnino
1161 2235 1217 2281 ne·

139 2332 323 2403 cusanam
352 2348 433 2416 esse
448 2327 508 2401 ,ad
536 2325 679 2399 salutem
705 2330 923 2422 operandam,
954 2337 991 2398 et
1017 2329 1156 2419 quidem
1178 2353 1217 2401 eo

138 2448 270 2536 niodo,
288 2452 328 2515 ut
346 2445 433 2515 haec
463 2442 583 2513 salutis
609 2448 760 2535 operatio
786 2449 860 2516 sine
887 2450 999 2537 gratia.
1018 2448 1075 2515 illa
1102 2471 1217 2541 neque

137 2565 303 2651 inchoari,
324 2585 440 2653 neque·
455 2565 657 2645 continuari,
679 2585 790 2652 neque
809 2565 927 2654 perdici
947 2573 1068 2655 queat,
1090 2568 1129 2636 id
1150 2575 1217 2656 est,

136 2682 254 2755 allex
269 2681 450 2772 spiritualis
471 2682 545 2751 sine
566 2683 671 2768 gratia
693 2681 748 2749 illa
762 2704 872 2772 neque
893 2688 1069 2775 impetrare
1090 2690 1216 2777 prinei·

135 2807 267 2891 patum,
297 2806 633 2890 nequereoustauter
663 2800 814 2870 obtinere
841 2810 877 2872 et
903 2826 1064 2875 exercere
1089 2811 1214 2894 possit

134 2917 341 3011 Probathoe
356 2920 639 3009 excompluribus
653 2942 826 2993 sacrorum
840 2923 994 2991 codicum
1006 2921 1093 2999 locis
1115 2925 1212 3013 (Jnlr

136 3040 201 3123 15,
222 3040 349 3123 4-53
379 3037 498 3128 Philip.
522 3042 704 3126 1,a-o;
726 3043 766 3124 2,
788 3042 842 3119 18
862 3038 947 3127 rel),
977 3047 1050 3111 tum
1070 3065 1117 3115 ex
1139 3048 1213 3115 oni·

133 3177 235 3226 versa
255 3154 424 3229 ecclesiae
443 3156 636 3243 traditione,
662 3157 772 3248 qualis
792 3161 976 3248 conspicua
996 3162 1135 3233 sitnon
1156 3185 1213 3237 so·

11 3338 14 3345 .
131 3272 201 3345 lum
226 3294 270 3343 ex
289 3273 440 3365 plurimis
465 3274 804 3368 luculentissimisque
833 3278 968 3347 Patmm
994 3283 1211 3371 testimoniis,

6 3456 12 3476 ,
132 3391 317 3475 sedetiam
338 3414 383 3460 ex
402 3392 534 3482 liturgia
555 3395 722 3464 ecelesiae
744 3404 780 3464 et
800 3396 971 3467 orientalis
992 3405 1027 3467 et
1047 3403 1211 3471 occiden-

131 3511 228 3598 talis,
248 3533 294 3581 ex
312 3512 442 3600 Missae
464 3532 610 3598 canone,
632 3518 669 3581 et
687 3516 868 3604 praecipue
889 3535 934 3585 ex
953 3519 1209 3606 precationibus

88 3622 91 3628 ’
130 3628 207 3716 illis,
229 3650 316 3718 quae
330 3629 501 3700 collectae
522 3631 685 3717 dieantur,
712 3638 814 3721 atque
834 3634 982 3702 intimum
1003 3634 1209 3711 christianae

130 3750 314 3836 sapientiae
336 3754 371 3817 et
391 3750 527 3836 pietatis
553 3752 703 3837 vigorem
727 3748 862 3819 mirifice
889 3755 1026 3841 spirent.
1076 3755 1209 3829 Probat

128 3868 208 3934 item
229 3886 272 3935 ex
295 3865 515 3935 Consiliorum
536 3867 698 3953 decretis,
725 3871 874 3957 inprimis
896 3893 940 3946 ex
962 3870 1088 3941 Concil
1111 3876 1206 3947 Trid.

124 3982 230 4053 Sess.
253 3984 308 4053 Vl.
331 3983 411 4051 Can.
435 3989 460 4052 2
481 3986 524 4053 de
537 4076 540 4083 Ι
555 3988 674 4053 instit:
717 3985 789 4072 „Si
815 3992 892 4077 quis
914 3989 1046 4076 dixerit,
1068 3994 1115 4063 ad
1137 3996 1206 4067 hoe

129 4101 238 4171 solum
269 4101 413 4173 divinem
444 4108 583 4193 gratiam
613 4127 675 4193 per
694 4104 816 4185 Jesum
841 4106 1009 4181 Christum
1041 4112 1133 4202 dari,
1169 4124 1209 4189 ot
