2514 4792
505 236 658 321 'el

75 434 174 515 tue
193 444 253 511 unt
270 432 464 528 periculoso
483 434 620 505 minere
640 434 787 520 iabores,
807 454 982 506 arcessere
1001 434 1167 511 medicum

75 561 428 665 ¹-tpxpurientiusimurn,
454 558 504 627 un
523 556 691 641 remediis,
719 554 887 625 dolentem
909 538 1166 645 amputationem

84 682 172 773 peti,
192 696 293 769 quum
311 674 369 743 ille
389 676 614 743 necessariam
635 675 786 759 duxerit,
805 673 869 741 sed
888 674 1069 763 prudenter
1082 698 1166 767 ages

75 805 124 883 ‘et
144 796 401 867 convenientius
421 788 532 863 officio
555 799 771 861 contemnens
793 812 851 877 ea,
878 812 966 881 quse
985 794 1042 863 vel
1062 816 1165 885 expe·

75 918 313 989 amfimmm
325 912 484 983 medicus
503 910 777 1002 praescripserit,
812 909 850 979 et
869 926 1009 999 (prorum
1028 931 1094 982 usn
1114 914 1165 982 fu·

75 1010 156 1113 mile
175 1040 316 1103 natm
334 1031 465 1101 viribus
483 1030 753 1119 impedimentum
765 1035 929 1121 struaturt
950 1031 1166 1123 relinquenda

75 1138 170 1237 print
187 1149 408 1229 omnis-suli
434 1156 592 1234 nemrue,
623 1154 684 1217 eut
703 1148 888 1217 andiendus
910 1155 982 1233 est,
1014 1154 1046 1218 si
1066 1174 1167 1241 quem

75 1272 119 1365 gh
146 1275 289 1361 promtu
312 1268 447 1355 naba,
478 1270 657 1337 iactator
694 1267 1070 1355 circumforaneus,
1088 1262 1167 1359 'qui

75 1390 169 1481 poro
196 1386 305 1463 verbe.
327 1386 463 1461 efficere
490 1396 530 1457 se
557 1407 663 1476 posse
690 1385 884 1474 pollicetur,
914 1394 954 1457 ut
974 1388 1167 1461 salutiferae

75 1490 231 1593 'mnne
257 1507 347 1579 vires
373 1507 562 1575 excitentur
587 1508 691 1596 teque
711 1507 787 1573 sine
804 1480 879 1575 ¹ullu
902 1504 1015 1576 dolore
1035 1509 1081 1576 nd
1098 1513 1169 1601 pri·

77 1629 214 1715 stinmn
236 1622 446 1695 ¹veletudiniu
473 1630 600 1693 statum
631 1626 817 1693 restituunt
860 1626 994 1695 Rursus
1016 1634 1168 1716 apertum

75 1752 159 1833 est,
189 1762 353 1835 quorsum
365 1744 496 1811 sumtiu
517 1740 574 1811 illa
594 1743 733 1812 evadntt
767 1762 888 1831 nempe
910 1766 970 1830 ec,
1007 1752 1046 1814 ut
1072 1750 1167 1815 tutus

75 1864 171 1937 orcle
195 1860 334 1933 moretis
359 1860 590 1950 perturbetur,
624 1866 664 1929 ut
689 1858 817 1928 ltcitum
842 1866 879 1928 et
906 1869 1167 1932 consentaneum

80 1985 210 2059 retinui
225 1978 425 2055 'habndum
450 1980 514 2065 sit,
545 1978 637 2068 quud
658 1984 714 2046 est
732 1976 880 2046 illicitum
902 1985 938 2047 et
957 1983 1077 2048 rationi
1096 2002 1166 2048 ruo·

86 2100 155 2170 reli
173 2099 233 2169 vei
250 2100 388 2167 manne
410 2118 609 2186 repugnans
652 2097 786 2167 Rursus
807 2098 907 2184 igitur
928 2100 1011 2165 ratic
1039 2119 1167 2167 muru·

90 2210 153 2287 lis
188 2218 363 2305 imperet
395 2222 499 2305 utque
525 2215 606 2282 hcc
640 2216 811 2304 imperio
848 2235 923 2281 suu
958 2216 1168 2285 voluntati

90 2335 403 2419 necessitatem
421 2332 616 2403 moralem
634 2336 827 2422 imponit,
847 2339 887 2402 ut
906 2336 1044 2402 missam
1064 2336 1167 2404 facia·

83 2472 167 2527 Ιιω
181 2452 377 2525 ufimmudi
406 2455 616 2538 sumtiunem,
649 2452 716 2521 hue
744 2436 810 2539 tet,
845 2459 884 2521 ut
915 2459 1168 2524 eontrarium

75 2573 310 2657 iudicium,
341 2570 454 2660 quud
481 2592 648 2639 caurum
669 2572 935 2641 efficientem
955 2573 1167 2662 prodigiu-

87 2690 366 2767 tantillorum
387 2691 439 2758 nul
459 2692 661 2758 virtutem
682 2690 873 2758 altiorem
893 2692 1040 2775 refert,
1062 2693 1167 2780 quud·

82 2818 156 2909 φο
168 2812 246 2903 ¹ipsi
262 2808 472 2879 theoreticae
493 2810 627 2894 rationi,
655 2810 786 2876 etiamsi
805 2809 938 2898 plenum
962 2811 1168 2899 perspicien-

83 2932 170 3009 nm
184 2934 388 3029 ¹assequutn
414 2929 570 3012 nonsit,
603 2947 813 3014 summopere
843 2926 1023 3016 probatur,
1057 2950 1168 3017 neque

81 3048 276 3141 ‚quidquam
294 3046 409 3115 turbat
428 3050 464 3114 in
484 3044 599 3114 urdine
620 3044 753 3130 murali,
773 3045 897 3115 firma
916 3047 1166 3116 assensione

77 3165 437 3257 amplectamurr‘).

81 3328 301 3353 W

118 3426 141 3495 ⁶)
159 3422 238 3479 -Vielc
255 3420 390 3475 Hemcsii
406 3418 557 3477 Ιιιιιοιίιιιι,
575 3417 677 3474 Philus.
692 3419 713 3473 1.
733 3436 757 3472 c.

480 3694 483 3699 .
497 3694 500 3699 .
