2514 4792
411 251 414 258 '
535 270 612 335 era

60 472 105 519 us
133 449 317 538 blanditur,
350 459 386 521 et
406 457 496 542 quod
524 464 606 521 suae
633 460 759 521 tantum
781 453 1001 520 meditationis
1023 456 1108 521 aciei
1178 450 1181 455 ’
1217 470 1220 475 ·

61 557 559 671 erspicuum‘timnis'simumque
580 572 765 664 apparuit“
808 569 856 637 nt
871 553 997 658 capllt
1019 573 1105 656 „Po-
1171 632 1172 636 ,

61 692 113 756 est'
137 687 276 778 quilibet
305 688 448 756 honesto
474 689 538 758 fine
566 690 631 757 sibi
657 689 897 758 dubitationem
918 710 1032 758 creare
1053 689 1107 759 uel

61 830 76 876 e
102 808 363 876 evidentissimis
384 782 509 892 rebus,
524 828 591 875 non
612 806 703 896 quod
723 829 835 876 earum
855 809 1029 887 veritatem
1049 828 1105 874 su·

61 931 193 1014 pectam
221 923 360 1008 habeat,
392 925 455 992 sed
481 931 519 991 ut
547 946 659 991 earum
690 945 813 992 causas
842 931 877 993 et
903 927 1051 992 rationes
1071 929 1108 995 et
1188 1019 1191 1031 ι

61 1047 212 1112 eritaoem
234 1041 356 1110 clarius
377 1045 567 1130 perspiciat
610 1045 687 1112 Hoc
709 1044 820 1111 autem
840 1064 907 1110 non
923 1043 1033 1112 doctis
1049 1043 1115 1110 so·¹
1208 1098 1212 1105 .

61 1185 101 1229 m
128 1168 167 1228 et
192 1163 374 1249 ingeniosis
401 1161 605 1247 hominibus,
634 1163 696 1230 sed
718 1169 753 1231 et
773 1141 934 1250 imponitis
953 1182 996 1228 ac
1017 1159 1105 1228 rudi·

61 1301 100 1347 ns
123 1280 237 1348 facere
256 1279 352 1363 licet3
385 1279 484 1347 modo
504 1282 602 1369 primi
620 1286 792 1370 ingenium
809 1284 1001 1348 contineant
1020 1281 1107 1345 intra

61 1402 158 1466 nites
192 1397 350 1468 concordi
378 1375 576 1485 prudentum
608 1401 747 1469 consilio
767 1405 948 1482 statutos,
985 1396 1106 1484 reliqui

61 1539 113 1585 ero
147 1514 191 1583 ad
226 1514 346 1583 fideles
381 1519 619 1605 sapientesque
653 1514 831 1605 magistros
867 1517 1105 1584 dubitationem
1178 1534 1180 1540 ’

61 1657 130 1701 ram
151 1635 325 1701 conferant
345 1655 450 1722 seque
464 1633 528 1703 illis
544 1632 743 1705 erudiendos
764 1637 906 1705 tradant
949 1634 1105 1716 Licitum,

63 1774 178 1841 quam,
201 1759 257 1819 est
269 1751 379 1839 aliquo
395 1754 494 1820 modo
510 1754 672 1839 dubitare,
694 1776 755 1822 seu
770 1754 984 1843 perscrutari,
1007 1772 1105 1842 quam

61 1893 125 1938 rme
138 1871 290 1937 Rationis
311 1876 414 1959 atque
431 1874 652 1940 Auctoritatis
672 1873 1022 1961 prmcipiis‘innitatur
1042 1868 1105 1933 s'ue

61 2009 130 2071 tex,
164 1966 339 2056 dummodo
362 1988 397 2054 id
416 1988 566 2057 homines
586 1997 761 2080 praestent
781 1982 972 2057 intellectus
993 1989 1047 2053 sui
1066 1985 1105 2052 il·

61 2107 195 2173 rstrandi
216 2100 337 2194 gratia,
359 2114 476 2194 atque,
499 2109 577 2175 dum
597 2110 631 2176 id
652 2094 842 2198 praestant,
864 2106 1104 2175 a'so'eertitu-

63 2244 142 2290 nem
171 2222 260 2289 illam
286 2226 431 2292 nondum
461 2229 630 2311 reiiciant,
664 2250 763 2315 quarn
795 2227 846 2294 de·
863 2224 970 2311 Legis
997 2225 1107 2310 ipsius

61 2344 175 2411 eritate
202 2348 280 2411 ante
302 2349 541 2432 conceperant,
569 2352 605 2413 et
627 2345 801 2412 dummodo
822 2346 1040 2410 instrumenta
1060 2339 1104 2404 ad

61 2468 126 2529 ecte
148 2462 359 2530 iudicandum
378 2466 573 2553 necessaria
593 2464 682 2529 inid
705 2484 791 2550 opus
820 2450 1022 2528 adhibeant
1053 2456 1104 2550 lta

61 2588 101 2663 et,
124 2585 162 2647 ut
179 2579 418 2648 nobilissimum
438 2581 516 2649 fidei
537 2584 670 2667 donum,
691 2603 758 2672 quo
774 2580 884 2649 aneo
897 2597 959 2668 per
973 2597 1105 2644 sacrum
1147 2605 1150 2623 .

61 2701 199 2787 aptisma
225 2702 388 2768 donantur
417 2700 612 2786 Christiani,
644 2700 701 2768 vel
727 2703 761 2766 in
787 2702 862 2788 ipse
890 2695 1104 2776 dubitationis

61 2820 151 2905 ¹secie
172 2825 326 2886 servetur
346 2821 517 2905 intactum,
540 2825 575 2886 et
597 2817 804 2886 Christianae
830 2816 998 2902 religionis
1019 2812 1104 2876 vori-

61 2958 88 3003 ιε
107 2939 215 3024 magis
230 2936 361 3004 eluceat
371 2943 411 3004 et
423 2938 543 3029 fortius
559 2935 770 3004 confirmetur
782 2938 817 3001 in
830 2932 995 3000 hominurn
1009 2930 1118 3011 men·'

61 3055 133 3126 bus.
176 3057 298 3144 Neque
319 3028 433 3131 dicirnt
451 3054 589 3123 Etbnici
609 3061 669 3121 aut
681 3053 804 3122 Judaei
825 3056 883 3118 aut
901 3046 1105 3116 Mutiamme·

61 3175 129 3255 nni,
156 3170 248 3239 ‘levia
275 3194 338 3240 nos
360 3195 381 3238 a
401 3177 527 3242 nostris
553 3176 688 3262 petere,
720 3176 900 3260 postquam
927 3166 1041 3254 gravia
1054 3161 1105 3229 ab
1148 3148 1152 3156 ’
1223 3153 1229 3160 ’

61 3295 118 3358 sis
146 3294 348 3381 petierimus.
391 3293 553 3360 Volumus
580 3294 701 3378 aequis
725 3287 908 3356 rationibus
939 3280 1105 3351 cumillis

61 3431 152 3498 gere:
181 3433 249 3478 non
269 3410 368 3483 aliurn
394 3413 428 3478 in
454 3411 569 3494 finem,
591 3431 658 3476 non
680 3406 752 3474 aliis
773 3399 1026 3474 conditionibus·
1047 3418 1106 3465 eos
1239 3501 1241 3505 Ι

61 3551 79 3595 e
101 3549 163 3594 sua
185 3528 359 3618 Religione
381 3531 533 3598 dubitare
549 3529 713 3609 volumus,
735 3546 834 3613 quarn
849 3519 1028 3589 dubitaturi
1042 3517 1109 3582 siut

61 3646 223 3715 ³hristiant.
266 3651 354 3716 Nam
385 3669 430 3716 ex
455 3646 644 3714 huiusmodi
676 3650 774 3712 cauta
806 3638 978 3727 dubitandi
1004 3637 1110 3708 forma

61 3771 165 3834 ertum
184 3766 283 3835 nobis
305 3773 360 3837 est
382 3770 649 3855 consequuturos
671 3742 957 3833 esse‘contrarios
978 3742 1111 3844 quidem
1173 3774 1176 3780 ’

61 3883 102 3952 ed
123 3886 269 3973 optimos
285 3886 637 3976 *effectus'utrimqnffi
665 3881 798 3970 quaudo
828 3878 969 3946 sinceris
996 3872 1112 3941 animis

61 4024 180 4070 xamen
201 4002 377 4090 habeatur,
401 4010 436 4071 et
456 4003 565 4071 media
580 4007 650 4068 stet
663 3993 764 4070 Ratio
786 3998 924 4065 liberum
944 3991 1114 4081 prolatura

61 4122 207 4190 odicium
252 4119 394 4192 Scilicet
419 4119 628 4190 Christianus
656 4117 794 4224 quilibet
821 4122 902 4211 tunc
931 4111 1061 4221 arctius·
1081 4107 1115 4212 in
