2514 4792
530 288 610 357 ld?

65 476 96 554 t,
121 471 189 540 ced
206 448 296 538 tota
316 471 510 560 positiva.
552 472 698 542 Accedit
717 471 817 559 aliud,
837 472 939 563 idqlre
960 494 1037 546 curn
1050 498 1103 565 eo,

65 589 128 657 od
141 588 246 657 mod'o'
262 591 343 675 dixi,
366 590 681 659 coniunctissimum.
725 590 872 659 Nostrae
885 595 1033 663 intuendi
1045 580 1103 664 acss

65 726 144 775 meo
171 709 320 775 oriuntur
346 713 383 776 et
408 714 631 795 evanescunt,
662 712 811 778 emuntur
837 717 948 780 autem
973 716 1105 783 nonnisi

65 824 258 893 accedente
278 806 475 914 impulsione
496 848 518 894 a
538 827 646 911 rebus,
663 826 808 896 obiectio
828 829 936 914 facta3
955 832 1023 898 nou
1042 820 1104 921 igi·¹

65 932 246 1011 aenaeam
274 924 327 1011 'sui
352 944 479 1014 habent
497 946 533 1014 in
560 944 659 1014 nobie
681 945 780 1031 solia,
810 966 878 1014 non
904 952 983 1014 aunt
1002 947 1104 1018 uoco-

65 1062 124 1128 tae
140 1062 210 1129 aed
229 1080 279 1129 ex
300 1060 365 1129 alio
388 1042 634 1171 dependentes,
666 1063 821 1151 idemque
848 1063 891 1131 de
917 1073 1034 1135 nostra
1054 1070 1103 1135 in·
1233 1148 1236 1156 Ι

65 1179 148 1246 rendi
168 1179 282 1246 facult
267 1181 338 1247 tate
369 1162 580 1251 iudicandum
610 1186 673 1251 est
725 1184 859 1269 Negat
889 1186 973 1252 ratio
1002 1188 1104 1253 etiam

65 1314 140 1365 ane
151 1298 435 1407 imperfectionem
465 1298 692 1403 qualitatiuam
724 1304 914 1369 creatarum
946 1306 1104 1401 mentium

65 1418 212 1503 ropriam
208 1398 374 1484 cadere
363 1438 397 1484 m
406 1416 527 1487 Deum
549 1416 758 1521 ducatorem.
790 1424 827 1486 at
846 1420 964 1488 eadem
990 1396 1105 1513 affir-

65 1540 113 1602 rat
132 1536 327 1603 noeaoeane
349 1535 449 1605 talem
470 1559 551 1606 ease
579 1536 800 1627 cognitionem
819 1534 889 1605 Dei
907 1539 1105 1625 intuitiuam,

65 1674 71 1719 :
99 1655 146 1720 ait
173 1657 312 1721 aeterna
342 1660 378 1721 ct
407 1653 451 1721 ab
482 1662 618 1723 aeterno
650 1658 876 1744 praecesserit
906 1678 964 1725 rea
989 1679 1106 1726 omnen

65 1752 176 1855 eatae,
197 1776 376 1859 antequam
397 1756 524 1857 essent,
551 1778 591 1839 ut
610 1774 645 1840 in
665 1773 738 1841 eolo
759 1774 835 1842 Deo
856 1774 1106 1843 iamdamentum

65 1894 229 1956 z'cauoam
249 1887 386 1973 habeat,
413 1895 453 1956 ut
473 1894 521 1958 sit
541 1889 706 1976 absoluta,
734 1892 1011 1979 quemadmodum
1029 1896 1106 1983 ipsa
1129 1900 1132 1911 '

65 1987 369 2075 mutandamque
406 2008 539 2076 Rursus
566 2006 652 2076 haec
671 2015 768 2095 nota,
791 2032 897 2099 quarn
923 2013 999 2097 ipae
1019 2004 1106 2079 ller-

65 2108 527 2213 euoenon-praetereuntia,
558 2106 691 2195 minime
715 2130 892 2215 negativa,·
920 2127 984 2196 aed
1014 2134 1107 2209 tota
1190 2132 1197 2149 '

65 2228 226 2311 ooitiua
247 2248 311 2310 eo't
337 2226 528 2311 manemus
548 2246 663 2333 itaque
683 2245 784 2311 etiam
807 2247 973 2333 positivae
994 2252 1106 2332 notae,

65 2368 120 2427 rae
141 2359 185 2427 ale
206 2346 297 2444 ideoq
317 2344 449 2449 qualem
469 2363 553 2429 ratio
574 2362 739 2446 informat,
767 2366 917 2450 separari
936 2383 1005 2432 non
1024 2384 1106 2454 poa·

65 2485 128 2563 m't3
149 2484 262 2567 atquae
273 2501 317 2549 ex
337 2474 391 2548 hie
412 2458 497 2569 ip'eia
517 2482 608 2547 notis
629 2482 799 2569 positivis,
827 2501 915 2569 quae
936 2481 1108 2551 accedunt

65 2598 71 2663 l
93 2597 375 2667 fundamentalem
394 2600 485 2667 illum
506 2601 706 2687 cognitionis
728 2597 859 2668 divinae
881 2595 1124 2670 characterem

65 2716 236 2803 bonisque
268 2716 378 2785 ideam
407 2720 617 2787 constituunt
643 2738 685 2785 ae
711 2717 903 2807 perficiunt,
936 2728 1107 2811 eompara-

65 2854 122 2900 me
149 2824 243 2901 in'stit
243 2841 322 2911 uta
320 2839 427 2911 etiam
454 2836 535 2904 illud
557 2836 688 2909 demum
707 2810 916 2924 intelligitur,
944 2837 1108 2925 anabgon

65 2949 134 3016 »bio
164 2954 300 3043 insitum
331 2974 412 3021 eoae
427 2948 603 3022 infirmam
634 2959 762 3021 nutum
788 2953 919 3041 analogi
945 2956 1107 3042 speciem,

65 3070 141 3135 rut
158 3060 301 3138 maxima
328 3071 426 3140 oimul
455 3071 635 3141 diversitas
661 3072 730 3139 nen
757 3070 866 3151 solean
882 3071 1017 3161 ,maduo
1044 3070 1108 3139 aed
1174 3127 1176 3131 .

65 3187 134 3253 iam
158 3188 330 3275 qualitatis
346 3193 441 3258 inter
468 3190 614 3258 divinam
639 3194 676 3257 et
698 3187 876 3284 humanam
901 3191 1109 3258 intuitionem

65 3305 248 3394 tuendique
279 3308 474 3375 facultatem
504 3306 700 3375 intercedat
757 3286 887 3377 Pariter
921 3329 991 3376 rem
1026 3330 1109 3377 sese
1145 3364 1149 3375 .

65 3422 159 3507 rbere
180 3428 215 3494 in
236 3416 373 3515 reliquis
387 3425 455 3494 Dei
476 3425 665 3494 actionibus
685 3426 1013 3517 proprietatibusque
1033 3447 1110 3495 mea

65 3547 202 3611 nutantia
232 3548 363 3612 omnino
397 3544 660 3613 concedendum·
677 3550 740 3612 est
783 3546 1021 3613 Perveniamus
1054 3565 1108 3630 eo,

65 3684 102 3729 ro
128 3663 290 3731 volumus.
335 3660 377 3733 Si
396 3665 496 3750 igitur
528 3664 750 3752 cognitionem
781 3663 926 3732 divinam
957 3697 1001 3713 --
1031 3682 1108 3727 nam

65 3781 252 3850 absistimus
278 3783 314 3849 in
334 3780 400 3850 hoc
421 3782 594 3871 exemplo,
626 3782 718 3872 quod
744 3780 845 3850 latino
872 3784 968 3871 patet
994 3778 1109 3847 facile·

65 3920 104 3991 ne
130 3898 174 3966 ad
195 3900 259 3967 alia
284 3900 530 3969 accommodari
556 3906 673 3990 potest
692 3939 736 3981 -‚-
759 3902 794 3967 -oi
816 3900 1038 3987 cognitionem
1061 3897 1108 3964 di·

65 4014 146 4086 nam
170 4040 232 4107 per
256 4039 373 4087 ornnes
401 4016 475 4086 illae
488 4025 606 4109 ,notae
628 4020 812 4126 positique,
840 4038 926 4108 quas
951 4018 1029 4085 idea
1056 4038 1107 4081 ra-

65 4139 140 4207 onia
159 4137 309 4225 includit,
332 4137 517 4226 cogitamus
538 4142 641 4227 atque
662 4139 880 4226 concipimus,
900 4155 1019 4224 nempe
1040 4132 1106 4240 lroc
