2514 4792
149 375 278 440 sionem
308 369 494 456 componit,
528 388 695 456 nmrquam
725 367 792 434 sibi
821 364 1002 452 provideat
1033 366 1082 433 ab
1109 386 1206 450 errore,

148 489 289 578 proinde
309 507 442 574 semper
461 484 564 553 violet
583 485 691 573 legem
704 484 793 551 iilam
803 486 1069 568 sanctissimam,
1090 491 1206 553 anan
1254 541 1257 556 .

75 612 78 618 '
150 628 217 696 que
231 608 265 671 in
278 602 565 692 reprehensionem
582 604 739 686 incurrat,
761 609 922 690 qnantum
942 582 1013 671 sibi
1032 602 1209 691 provideri

149 722 321 792 facultatis
341 720 466 789 habuit
508 719 619 790 Probe
639 721 818 788 tenendum
831 720 924 806 iilud,
945 721 1044 810 quod
1057 742 1106 789 ex
1118 720 1210 811 Ep‘m
1255 783 1256 786 ,

150 840 229 911 Joh.
243 836 425 929 praefixum
446 839 523 906 huic
545 840 647 924 capiti
668 844 736 921 est3
758 840 912 926 itemque,
923 839 971 922 id,
995 840 1093 927 quod
1112 841 1209 929 legit!
1254 867 1257 878 ·

151 957 297 1063 Eccies.⁴
311 961 375 1041 lo,
396 959 438 1023 aa
460 954 563 1040 „Qui
583 955 721 1023 credit
742 947 844 1040 cito,'
866 956 977 1026 levis
999 958 1133 1027 corde
1152 964 1207 1041 est,

152 1084 194 1147 et
212 1075 493 1146 minorabiur.“
534 1076 648 1161 Atque
667 1072 751 1141 baec
766 1075 900 1162 quidem
920 1074 965 1144 de
986 1074 1210 1165 iideflratiori

151 1217 230 1265 non
251 1199 542 1263 'consentanea
561 1193 768 1261 Hermesius.
1023 1192 1034 1202 ‘

237 1311 326 1396 Quid
346 1311 390 1380 de
411 1309 477 1379 fide
503 1313 659 1379 rationi
688 1310 996 1382 consentanea?
1042 1314 1212 1385 soterum

151 1438 280 1514 autem,
311 1450 355 1496 ne
386 1430 475 1496 insto
500 1428 631 1516 longius
657 1439 813 1499 excurrat
843 1436 969 1517 oratio,
1005 1438 1119 1505 totam
1145 1434 1213 1503 bruc

152 1551 383 1640 quaestionem
412 1546 456 1613 ad
483 1545 581 1613 fidem
609 1546 829 1615 adhibendam
858 1550 1056 1637 doctrinae,
1087 1574 1168 1643 quac
1183 1574 1213 1619 sc

151 1669 362 1737 divinitus
383 1664 576 1732 traditam
596 1664 769 1753 profitetur
788 1673 891 1757 atque
911 1669 978 1745 hoc
1000 1671 1086 1759 ipso
1105 1674 1212 1741 nanim

151 1787 383 1856 assensionem
414 1782 571 1871 postulat
613 1823 657 1836 -
699 1783 984 1867 Quemadmodum
1012 1797 1140 1863 temera
1167 1812 1239 1857 as·.

150 1906 269 1976 sentiri
289 1890 469 1986 nonlicet
499 1904 545 1969 ita
566 1923 633 1970 non
653 1906 761 1981 miuus
782 1926 978 1990 perversum
993 1917 1060 1979 est
1077 1908 1214 1983 eiusmodi·

152 2026 337 2095 doctrinam
361 2028 488 2092 temere
522 2022 660 2089 reiicore
682 2027 720 2088 ut
746 2021 859 2091 fictam
890 2030 926 2093 ct
945 2047 1043 2097 mere
1075 2048 1211 2099 mmmm·

61 2164 69 2171 ·
151 2148 274 2215 ticiam.
316 2145 403 2209 Nam
424 2144 456 2209 si
475 2143 597 2208 mentis
617 2146 753 2208 nostrae
773 2140 1007 2237 manantem,
1028 2150 1068 2215 si
1090 2147 1220 2217 volunta

151 2267 197 2333 tis
219 2263 474 2350 propensionem
495 2258 538 2325 ad
559 2258 752 2342 inhonesta,
782 2263 813 2327 si
835 2264 1142 2348 concupiscentiae
1160 2267 1223 2346 r'm,

149 2384 185 2449 si
205 2386 359 2469 peccata,
379 2376 788 2481 quibusucontuminamur
804 2400 939 2476 omnes,
967 2381 1112 2453 sincero
1133 2387 1224 2452 animo

151 2497 402 2589 perpendimus:
434 2516 543 2563 nonne
569 2499 644 2582 ipsa
672 2499 755 2563 ratio
783 2496 883 2565 nobis
901 2500 1113 2584 ¹ingenerata
1140 2504 1228 2571 sentit

153 2624 190 2686 ct
216 2614 336 2683 clamat
360 2614 439 2682 nihil
470 2636 575 2703 posse
606 2613 785 2700 optabilius
798 2634 905 2702 ‚esse‚
937 2616 1018 2685 nihil
1046 2625 1162 2709 magis
1180 2643 1228 2689 ne

153 2736 355 2817 cessarium,
377 2755 477 2821 quam
498 2739 536 2798 ut
556 2731 654 2799 Deus
676 2755 738 2803 sua
760 2734 923 2819 doctrina,
944 2737 1018 2811 suis
1041 2743 1228 2830 praeceptis

153 2860 330 2924 succurrat
355 2851 471 2937 generi
497 2850 638 2916 humano
667 2851 710 2916 ad
733 2873 828 2938 spem
854 2854 927 2920 eius
948 2855 1229 2944 erigendam„ad

153 2972 296 3041 salutem
317 2972 389 3038 eius
416 2967 716 3058 procurandam?
761 2967 872 3038 Certe·
887 2972 992 3058 igitur·
1006 2978 1229 3069 maximopere

152 3088 445 3179 reprebendendus
467 3094 523 3155 est
535 3086 633 3155 homo
649 3087 828 3183 superbus,
850 3090 968 3157 dicans
982 3094 1018 3159 in
1032 3094 1143 3165 corde
1158 3081 1229 3165 suo:

153 3208 324 3277 ridicrdum
346 3213 400 3274 est
421 3212 457 3271 et
476 3205 587 3293 pusilii
613 3207 734 3292 ingenii
762 3228 922 3294 quaerere
944 3209 987 3279 de
1009 3209 1175 3293 doctrina¹
1190 3216 1229 3283 di

153 3328 277 3393 vinitas
286 3325 473 3413 patefacta3
496 3323 888 3408 certeincredulitas‚
904 3325 969 3395 hoc
981 3334 1038 3403 est
1047 3336 1229 3416 pertinacia

153 3446 270 3526 animi,
302 3462 389 3531 quac
417 3464 463 3508 ex
490 3441 647 3529 superbia
669 3449 728 3509 aut
749 3464 792 3509 ex
814 3442 880 3511 alio
903 3446 1049 3533 quodam
1062 3454 1230 3536 pestifero

44 3536 59 3599 ⁵·
152 3563 244 3628 tonte
273 3581 411 3626 manans
439 3566 571 3627 temere
593 3562 699 3628 reiicit
725 3583 822 3633 omne
843 3562 894 3646 id,
924 3564 1015 3651 quod
1043 3565 1101 3653 vei
1129 3570 1232 3640 cerdis

154 3679 246 3781 cerni
266 3699 333 3743 non
353 3684 469 3765 potest
489 3676 544 3743 vel
564 3681 716 3765 propriae
737 3683 859 3747 mentis
872 3684 1158 3768 perspicientiam
1180 3711 1233 3759 03.

152 3794 260 3878 cedit,
288 3793 354 3881 legi
374 3796 521 3862 interiori
549 3799 782 3864 sanctissimae
803 3806 849 3877 et¹
861 3802 979 3877 rationi
1000 3803 1066 3888 ipsi
1087 3827 1159 3877 non
1179 3811 1233 3877 mi.

152 3955 368 3974 Μ,

188 4065 209 4130 ·)
228 4062 327 4116 Confer
344 4063 476 4117 Hermosii
494 4066 642 4121 introduct.
662 4064 818 4138 Philosopb.
839 4070 922 4139 ΜΕ
939 4079 967 4124 et
984 4072 1007 4138 ξ.
1026 4072 1077 4126 79.
1170 4094 1174 4099 ·
