2514 4792
521 280 600 367 ias

65 508 111 553 na
137 484 315 553 christiana
345 486 532 555 coniunctis
557 494 595 575 ¹et
620 486 675 553 illo
702 484 778 553 loco
810 490 980 576 expositis.
1029 492 1094 561 Per

65 626 103 673 =s
134 604 408 673 characteres
438 602 681 673 ohiectivos
712 611 747 672 et
777 602 975 676 externos
1008 610 1093 677 ratio

65 730 139 791 stra
164 729 322 811 tanquam
351 723 578 811 cognoscendi
605 730 641 791 et
671 724 828 803 credendi
859 724 1094 795 subiectum

89 842 220 931 legibus
235 864 253 908 a
269 841 345 945 Deo
367 844 433 930 ipsi
453 836 718 931 ingeneratis'eo
740 843 863 912 adduci
883 852 1008 934 potest,
1028 868 1094 915 nec

65 968 137 1030 test
157 969 300 1047 tantum,
324 962 387 1029 sed
409 962 525 1047 etiam,
552 964 584 1028 si
605 964 690 1030 satis
713 962 886 1051 diligenter
906 971 942 1031 et
962 968 1093 1034 sincere
1224 968 1227 997 ²

65 1083 131 1147 mia
159 1081 369 1165 considerat,
399 1082 593 1149 necessario
616 1078 808 1166 adducitur,
841 1088 880 1150 nt
900 1086 1024 1151 sentiat
1042 1091 1092 1151 at·
1206 1082 1210 1097 '

67 1224 91 1267 e
116 1198 277 1287 intelligat
305 1220 379 1265 cum
412 1198 526 1267 morali
552 1201 759 1275 necessitate
786 1201 849 1284 (en
874 1200 998 1288 officio)
1021 1224 1093 1270 cre-

65 1321 164 1387 ndum
186 1340 281 1386 esse:
302 1321 336 1385 in
357 1318 444 1385 Jesu
467 1316 600 1386 Christo
621 1318 788 1386 insedisse
810 1322 1008 1387 virtutem
1029 1342 1092 1387 na-

69 1462 141 1507 rae
172 1436 339 1506 viribus
370 1436 579 1520 altiorem,
615 1436 827 1531 eundemque¹
850 1440 958 1507 tuisse
985 1438 1092 1527 lega-

65 1579 97 1624 m
115 1550 211 1641 Ilei3
240 1578 282 1625 ac
302 1557 441 1647 pminde
471 1556 703 1645 doctrinlam
729 1556 775 1625 al>
797 1580 838 1627 eo
859 1532 1013 1627 traditam
1033 1564 1093 1628 mi-

65 1698 105 1747 ne
125 1678 401 1745 humanamesse
424 1676 486 1743 scd
514 1676 878 1766 supernaturalem
904 1678 1091 1747 divinam.

65 1794 183 1863 lhunc
206 1797 305 1882 igitur
328 1774 457 1861 'axium
477 1798 570 1863 venit
596 1800 669 1863 tota
697 1794 865 1863 Hermesii
886 1776 1092 1866 demonstra-

65 1944 80 1998 »,
100 1896 198 2007 quam
221 1936 294 2001 cap.
318 1912 372 1979 lll.
396 1921 431 1980 et
452 1912 522 1981 vn.
544 1934 607 2004 pro
632 1913 759 1981 viribus
787 1916 913 1983 nostris
936 1920 1092 2003 exposui-

65 2056 105 2120 ιε,
124 2036 318 2102 haurientes
341 2041 411 2100 tum
426 2054 470 2100 ex
483 2032 732 2101 Introductione
752 2032 1001 2121 Philosophica‚
1022 2042 1092 2101 tum

65 2154 341 2221 introductionis
367 2154 539 2221 Positivae
565 2136 666 2218 Parte
688 2148 865 2235 Secunda,
894 2174 982 2240 quac
1010 2175 1091 2220 non·
1212 2208 1216 2215 ,

65 2292 98 2337 un
117 2278 209 2362 tomis
233 2294 361 2340 excursa
384 2278 448 2338 est.
492 2258 735 2358 Respondeant
754 2272 854 2359 periti
874 2270 999 2357 arbitri,
1021 2272 1092 2339 hic-

65 2409 95 2456 ne
114 2395 158 2458 sit
186 2378 538 2458 Rationalismus.
569 2378 670 2476 'Ego
689 2396 783 2457 certe
808 2411 870 2478 per
890 2390 1091 2458 Rationalis·

65 2530 104 2574 rm
125 2510 271 2598 intelligo
295 2532 369 2578 eam
391 2494 586 2592 doctrinam,
609 2529 708 2595 quae,
730 2528 832 2598 quum
854 2520 1019 2599 agnoscat
1039 2534 1091 2579 re-

65 2616 213 2697 lationem
236 2630 390 2713 divinam,
408 2635 523 2694 'tamen
544 2647 652 2695 mere
673 2627 911 2721 naturalem·
924 2632 1091 2717 agnoscit,

65 2748 302 2827 pematnralcm
322 2746 460 2816 nullam:
499 2752 616 2813 contra
643 2746 736 2834 quod
762 2748 930 2816 Hermesii
956 2747 1091 2816 demon·

65 2866 131 2930 atio
159 2867 214 2929 illa
240 2868 497 2955 terminaturuin
519 2840 948 2952 supernaturalismo.
992 2868 1091 2935 llnnc

65 2980 186 3049 olitetnr
206 2984 415 3067 Hermesius‚
443 2982 532 3049 hunc
555 2981 710 3070 discipuli
731 2987 805 3052 eins
826 2984 1033 3073 profitentur,
1056 2990 1104 3050 et'

67 3098 149 3166 idern
170 3109 307 3189 propter
326 3089 451 3171 motiva
471 3100 527 3169 illa
549 3106 700 3187 externa,
727 3104 851 3191 qrrihus
878 3125 946 3170 non
965 3122 1089 3190 possu-

65 3236 91 3283 m
117 3243 183 3287 non
214 3221 369 3305 credere,
391 3223 457 3291 nisi
477 3244 498 3288 a
520 3224 650 3289 ratione
679 3221 881 3291 deficiamus.
926 3218 969 3290 Si
995 3220 1090 3287 aliter

65 3353 142 3435 sse
164 3338 321 3424 haberet,
358 3361 468 3407 nonne
495 3341 692 3409 llermesins
725 3344 860 3430 ineptus
889 3348 924 3408 et
949 3343 1089 3407 insanus

65 3472 112 3523 mo
134 3458 332 3524 iudicandus
355 3464 460 3543 esset,
482 3465 552 3526 tam
573 3460 677 3527 multa
690 3460 795 3528 vcrho
818 3461 948 3526 faciens
972 3460 1087 3525 demi·

65 3574 151 3661 mlis,
185 3578 227 3644 dc
255 3580 446 3644 testimonio
473 3578 561 3646 Jesn
592 3576 716 3647 Christi
747 3580 857 3666 deque
880 3577 953 3644 aliis
974 3577 1088 3643 lrnius-

65 3693 235 3780 *direbua
258 3720 345 3785 quae
367 3718 484 3783 omnes
505 3702 572 3765 vim
595 3703 630 3765 et
649 3705 800 3765 naturam
826 3698 953 3764 hahent
973 3698 1088 3762 motivi

65 3806 152 3898 terni,
175 3822 243 3881 tam
265 3823 424 3884 accurate
447 3815 609 3884 deliniens
632 3821 767 3885 criteria
788 3839 851 3890 seu
872 3815 1087 3883 characteres

65 3932 225 4000 relationis
253 3933 515 4023 supernaturalis
538 3935 669 4002 divinae
676 3985 686 4020 ‚
719 3943 855 4025 tamque
884 3934 1026 4002 solerter
1052 3933 1087 3998 id

65 4046 188 4136 iniens·
203 4062 241 4121 ut
261 4053 377 4119 horum
399 4056 603 4121 criteriorurn
623 4075 666 4121 ne
687 4056 822 4122 unicum
842 4054 977 4144 quidem
999 4054 1086 4121 desi

65 4174 121 4239 rari
141 4176 175 4240 in
197 4174 347 4241 doctrina
369 4172 549 4241 christiana
572 4171 766 4242 evinceret?
