2514 4792
522 324 528 347 ³
570 330 648 401 llil

61 518 225 607 principio
240 523 400 588 ¹evertere
420 520 581 589 renunc
602 514 873 607 supernaturales
894 522 931 588 et
951 518 1062 589 diviua
1082 496 1142 593 hu·
1192 500 1195 505 ⁵

61 638 295 709 renascere
317 644 459 707 conatus
481 634 559 705 est?
574 635 620 703 ld
641 640 673 706 si
693 636 856 705 affimtare
877 636 979 707 liceat
1001 640 1043 709 de
1056 641 1142 711 Her·
1226 680 1240 715 ι

61 758 182 842 nesio,
201 778 271 827 non
290 757 406 826 licebit
426 754 492 823 ullo
513 762 616 845 pacto
629 776 752 844 negare
767 756 810 824 de
822 757 1077 844 Liehermanno,
1099 760 1143 829 de

61 871 238 964 {piscopo
260 879 550 975 Argentoratensi‚
573 877 615 944 de
636 874 864 944 innumerabili
886 874 1144 947 clarissimorum

61 990 310 1084 teologorum
330 995 451 1072 choro.¹
485 995 677 1065 Possuntne
688 997 831 1065 fortisan
845 1017 921 1063 cum
942 995 1056 1086 aliqua
1071 1001 1144 1069 veri
1249 981 1252 985 ⁸

61 1116 180 1185 ecio
200 1114 348 1183 obiicere
370 1115 554 1195 aduersarii
574 1136 628 1184 me
649 1118 811 1184 incertum
833 1116 1141 1189 existere'llerme·

81 1227 363 1322 interpretem?
382 1237 455 1304 ·=At
481 1255 548 1303 non
569 1256 632 1323 ego
660 1233 755 1302 solus
784 1232 841 1302 illo
867 1233 967 1302 modo
995 1233 1142 1303 intellexi

61 1367 165 1435 lue
194 1352 343 1442 intelligo
375 1353 598 1438 Hermesium,
634 1352 698 1422 sed
731 1374 859 1438 omnes,
896 1354 988 1442 quod
1022 1357 1140 1441 seiam,
1169 1330 1171 1334 ¹

61 1467 250 1549 iustiti
272 1471 428 1562 discipuli
450 1472 569 1559 eodem
589 1472 690 1540 modo
711 1471 945 1541 intellexerunt
966 1478 1069 1560 atque
1090 1476 1140 1541 in·

61 1582 226 1677 ligone
255 1612 372 1667 omues
393 1574 555 1680 inprimis,
576 1594 634 1681 qui
656 1613 700 1660 ex
720 1590 787 1659 hoc
808 1611 944 1659 numero
965 1592 1139 1660 Monaste·

63 1690 94 1787 3'
150 1713 210 1800 qui
237 1712 394 1797 nonnae,
431 1714 490 1800 qui
519 1710 685 1795 Treviro,
722 1713 780 1799 qur
806 1709 1047 1797 uaesanae,
1082 1713 1141 1801 qn

61 1833 256 1917 'moniam
286 1834 345 1920 qui
365 1830 603 1919 Brunsberg'ae
630 1825 767 1920 publico
789 1828 993 1916 Theologiae
1015 1830 1138 1898 docen-

61 1946 103 2007 ιθῑ
154 1971 289 2018 munere
321 1951 523 2038 funguntur,
560 1948 686 2037 quique
717 1949 761 2017 ad
792 1942 947 2015 severam
978 1951 1140 2016 rationem

61 2058 240 2158 rincopis
268 2071 342 2136 suis
370 2067 664 2156 sanctissimoque
691 2067 783 2135 Patri
813 2065 1015 2135 reddendam
1040 2086 1138 2154 para·

61 2181 176 2256 ”imi
208 2192 299 2271 sunt,
332 2209 400 2259 non
432 2187 504 2255 elin-
529 2187 572 2259 de
603 2183 765 2257 infallibili
795 2187 997 2253 anctoritate
1027 2172 1169 2253 divina‘

61 2305 256 2396 minioque
284 2306 328 2375 de
356 2309 471 2375 causis
498 2306 542 2373 ad
570 2306 773 2391 credendum
800 2303 1013 2388 moventibus
1034 2303 1137 2372 tradi·

61 2430 176 2495 ruint
194 2431 340 2514 unquam
360 2424 417 2494 vel
438 2422 585 2509 tranmt,
613 2430 716 2513 atque
738 2444 791 2511 en,
819 2445 907 2511 quae
935 2423 1059 2493 tradita
1085 2424 1137 2493 fu·

61 2542 115 2600 issi!
156 2543 200 2611 ab
227 2544 406 2613 Hermesio
428 2563 531 2633 supra
558 2546 712 2632 exposui.
754 2543 882 2612 Horum
905 2544 1050 2611 omnium
1070 2563 1138 2611 non

61 2658 481 2739 emendamihividetnr
502 2646 779 2748 anconitanum
801 2657 843 2731 de
866 2685 945 2733 vera
968 2665 1139 2750 quaeritur

61 2768 224 2847 {emenii
244 2783 436 2850 sententia·
465 2777 538 2849 Sed
552 2781 681 2869 nequid
693 2781 902 2850 desideretur
915 2785 949 2849 in
963 2803 1016 2867 ea,
1038 2800 1138 2870 quam

61 2889 218 2977 &liumus
251 2900 368 2985 causa,
403 2901 506 2969 testis
537 2899 693 2967 citandus
725 2907 783 2969 est
816 2903 1016 2986 Hermesius
1049 2894 1135 2988 ipse.

61 3006 183 3090 hiant
203 3021 392 3090 testimonia
414 3016 691 3103 luculentissima,
718 3025 883 3108 tantoque
909 3010 1058 3103 nurnero,
1086 3023 1135 3101 ut,

61 3128 209 3207 domnia
230 3138 395 3209 vellemus
416 3137 624 3220 exscudere,
646 3141 807 3206 immensa
822 3139 908 3207 silva
924 3136 1136 3225 congerenda

61 3263 158 3327 met.
201 3260 280 3328 Huc
311 3244 483 3347 pertinent
513 3257 581 3351 loci
611 3259 678 3329 iam
703 3278 807 3346 sopra
828 3259 874 3346 (p.
891 3263 944 3325 89
958 3260 1022 3344 ss.)
1046 3276 1135 3322 com·

61 3358 243 3464 memorate
274 3377 342 3446 huc
364 3377 437 3445 sere
457 3378 579 3461 omnia,
607 3396 696 3465 quae
723 3376 854 3444 Primae
876 3376 969 3444 Parti
990 3372 1136 3459 Theolo-
1201 3420 1204 3427 -

61 3484 127 3568 3¹³⁶
148 3499 371 3586 Dogmaticae
393 3495 437 3563 ad
447 3494 663 3580 methodmn‚
684 3516 752 3584 qua
765 3495 851 3565 hacc
867 3488 1045 3584 disciplina
1056 3515 1135 3584 per·

61 3603 300 3687 tmttan'dat
253 3619 317 3702 sit,
355 3614 623 3684 constituendam
651 3616 729 3687 inde
757 3636 875 3704 apag.
884 3619 923 3682 1
952 3611 1136 3703 usquead

61 3737 127 3815 lag·
150 3740 231 3806 llo
261 3736 461 3807 Hermesius
487 3727 681 3823 praemisit3
712 3734 780 3804 huc
809 3733 954 3822 denique
982 3738 1056 3800 tota
1083 3752 1135 3799 ra

61 3837 94 3906 5⁰
114 3858 161 3924 te
183 3859 249 3940 via,
271 3877 372 3945 quam
392 3854 439 3921 ad
460 3853 591 3941 singuiis
615 3874 774 3942 quaeque
795 3852 877 3923 fidei
898 3855 1055 3945 dogmata
1077 3850 1135 3920 de·

61 3971 266 4043 nonstranda
299 3974 573 4043 constantissime
605 3979 708 4041 tenet
762 3971 882 4041 Placet
913 3992 958 4040 ex
988 3970 1137 4040 methodi
1207 4058 1211 4066 .

61 4066 297 4185 dampnose,
325 4094 511 4182 praemissa
538 4089 655 4161 Theol
677 4093 835 4208 Dogmat
857 4094 950 4161 Parti
975 4090 1004 4177 1,
1035 4111 1133 4158 unum

61 4192 154 4288 &luo
176 4212 319 4287 alterum
335 4212 452 4331 iocum
469 4211 646 4283 adiicere-

877 4328 927 4395 ⁰*
