2514 4792
233 523 314 612 Pag.
337 524 389 591 ls
408 543 439 591 s.
481 514 680 591 Hennaeius
706 490 852 608 loquitur
879 516 1073 607 deprimis.
1101 512 1233 585 Gnos-

148 645 271 730 ticis,
301 647 362 733 qui
387 642 508 709 Jesum
535 638 704 709 Christum
730 652 799 707 uon
824 658 886 727 pro
913 634 1007 704 filio
1035 633 1139 720 Dei,
1172 634 1235 702 sed

148 784 211 853 pro
230 782 373 851 magno
401 758 661 848 Philosopho
688 757 854 826 hahentes
883 755 919 822 id
939 758 1052 844 ipsrnn
1074 749 1234 823 studiose

36 964 39 973 Ι
148 882 309 970 agebant,
347 879 440 969 quod
467 878 645 947 Hermesta
676 878 802 944 crimini
830 875 944 960 datur,
980 880 1022 942 ut
1043 872 1235 942 doctrinam

144 1000 362 1068 christianam
384 999 427 1067 de
449 999 609 1088 dignitate
630 1018 694 1064 sua
716 996 912 1080 deiicerent,
940 992 1112 1061 humanae
1134 994 1235 1060 ratio·

145 1122 201 1187 nis
218 1118 320 1209 ¹pede
354 1117 465 1187 diviua
497 1119 608 1185 onmia
637 1117 850 1201 metirentur,
880 1110 1232 1202 incomprehensibilia

140 1237 204 1306 vel
224 1238 435 1326 repudiarent
461 1238 560 1327 quasi
585 1238 668 1303 mira
694 1237 830 1303 inventa
857 1239 894 1302 et
914 1236 1068 1321 argutias
1095 1229 1156 1300 vel
1183 1253 1229 1298 ar·

143 1355 292 1423 'titiciosa
318 1358 591 1445 interpretatione
620 1354 665 1422 ad
687 1376 789 1422 ,suam
811 1349 1063 1465 philosophiam
1098 1370 1226 1453 accon·

29 1503 31 1506 ⁴
147 1476 331 1544 modarent
373 1475 443 1541 lam
464 1474 545 1563 quid
563 1474 763 1542 Hermesius
785 1471 828 1539 de
848 1469 1121 1540 hieGnosticisi
1164 1468 1223 1538 ne-

147 1593 336 1682 preheudit,
364 1595 520 1680 castigat,
547 1590 788 1685 depravatores
809 1582 936 1676 eorum,
953 1604 1047 1681 'quae
1070 1587 1221 1658 divinitu

146 1711 272 1779 tradita
293 1713 377 1795 siat,
398 1714 565 1796 nominat,
588 1708 682 1778 solos
710 1710 877 1779 ecelesiae
902 1710 1027 1780 Patres
1047 1706 1219 1777 imitandos

148 1851 229 1898 esse
251 1830 432 1898 contendit.
478 1829 648 1916 „l’atrum,
677 1831 795 1919 inquit,
825 1816 914 1897 tides
944 1825 1219 1897 nitebatnrin

145 1951 283 2037 signis
304 1946 609 2038 miraculis-que
629 1951 727 2018 etin
748 1948 976 2017 divinitate
990 1947 1017 2014 J
1024 1968 1100 2014 esu
1117 1945 1219 2013 Chri·

146 2069 218 2152 sti,
232 2088 347 2155 quae
367 2066 432 2134 his
454 2065 765 2157 comprobatur.
807 2066 935 2135 Contra
945 2064 1106 2134 Gnostici
1127 2083 1218 2154 quun

147 2206 244 2252 suam
265 2185 364 2252 fidem
385 2207 587 2275 suspensam
607 2187 759 2254 facerent
773 2206 816 2254 ex
830 2187 1073 2276 perspicientia
1085 2190 1126 2253 'et
1140 2204 1218 2252 conr

5 2310 9 2323 ’
149 2302 390 2392 prehensione,
428 2324 469 2373 eo
504 2306 632 2373 lachim
664 2310 737 2390 cst,
771 2310 812 2372 ut
846 2302 1004 2394 dogmata
1047 2303 1219 2372 christiana

148 2425 443 2515 interpretarentur
474 2444 520 2492 ex
550 2422 744 2493 notionibus
776 2423 946 2509 humanis,
982 2420 1220 2511 crederentquo

149 2540 297 2609 camah
315 2563 452 2609 causam
474 2548 510 2610 et
532 2562 573 2609 co
604 2542 716 2628 mado,
749 2544 829 2632 quia
861 2549 897 2610 et
928 2562 996 2632 quo
1028 2540 1132 2609 modo
1163 2536 1218 2627 ipsi

114 2742 116 2749 Ι
151 2657 478 2746 comprehenderent.
522 2659 703 2730 Molieutes
734 2636 846 2728 autem
870 2657 906 2726 id
918 2677 1046 2743 -unanr,
1077 2664 1120 2726 ut
1140 2678 1220 2725 com·

148 2776 392 2864 prelrcnderent
412 2773 683 2868 ahqua'ratione,
705 2772 905 2866 saepissime
925 2775 1109 2845 utebantur
1129 2780 1221 2846 iuter·

149 2898 336 2983 pretatione
369 2895 567 2986 allegorica,
597 2920 701 2987 quam
732 2882 934 2985 sequentes,
965 2901 1005 2962 ut
1029 2898 1098 2963 iam
1127 2916 1221 2987 supra

150 3014 237 3100 dixi,
271 3015 486 3104 explicabant
514 3016 681 3102 obscuros
709 3038 881 3085 sacrarum
905 3013 1092 3083 litterarum
1118 3015 1221 3098 'locos

150 3140 187 3200 et
207 3136 240 3199 in
257 3133 315 3229 his¹
336 3116 451 3202 inesse
473 3132 692 3222 affirmabant,
721 3132 813 3225 quod
840 3136 926 3224 ipsis
939 3132 1089 3223 'quidem
1117 3132 1220 3223 place·

96 3312 98 3315 .
150 3256 211 3319 ret
255 3249 466 3342 Quapropter
492 3257 579 3323 inter
609 3276 670 3323 eos
691 3256 916 3343 reperiuntur,
943 3259 980 3323 et
1000 3254 1060 3341 qui
1086 3256 1222 3320 maxine

151 3376 287 3438 austera
307 3393 435 3439 morum
454 3350 637 3463 praecepta
657 3373 875 3460 tradiderunt,
898 3379 934 3440 et
955 3375 1014 3461 qui
1033 3371 1223 3441 mollissimo

151 3506 192 3555 ae
213 3490 511 3576 perniciosissima,
532 3492 627 3561 velut
647 3492 851 3578 Manichaei3
885 3512 1056 3582 quumque
1079 3512 1224 3583 compre·

150 3606 296 3677 bendere
330 3608 475 3696 vellent,
510 3630 598 3701 quae
615 3612 814 3697 crederent,
839 3609 1049 3695 ,exciderunt
1068 3612 1224 3704 mysteria

152 3729 262 3793 omnia
290 3735 327 3797 et
358 3729 515 3799 excidere
546 3751 693 3800 neeesse
726 3737 807 3800 erat
864 3729 935 3798 llli
969 3737 1129 3819 antem,
1165 3730 1225 3823 qui

151 3854 327 3937 propter
341 3849 608 3917 divinitatem
623 3849 789 3949 Christi
809 3850 859 3918 ad
881 3851 1139 3919 credendum
1156 3846 1225 3920 luo·

151 3961 369 4052 vehantur,
403 3971 527 4035 etiam
556 3969 1009 4059 incomprehensibilia
1041 3972 1160 4057 (modo
1189 3990 1226 4039 no

152 4101 228 4148 cum
254 4083 457 4154 revelatione
484 4092 520 4155 et
540 4092 669 4163 ratione
697 4092 893 4179 pugnantia)
916 4091 1092 4160 credere
1113 4098 1226 4184 pote·

151 4204 260 4287 rant,
279 4212 566 4292 argumentum
591 4206 798 4279 hahentes
824 4211 864 4279 in
885 4210 1024 4299 siguis
1052 4216 1097 4282 et
1118 4214 1227 4321 mira·
