2514 4792
266 492 455 584 Explorato
483 492 616 561 demum
637 496 674 559 et
688 469 812 559 solidis
839 488 1049 577 argumentis·
1068 488 1170 555 consti

166 622 289 687 totam
319 614 503 682 doctrinam
538 609 753 699 christianam
785 598 865 678 esse
902 609 1061 677 divinitus
1098 604 1170 672 trad

182 742 279 825 patet
299 735 426 816 aditus,
448 733 547 818 isque
569 731 797 812 certissimus,
819 728 864 795 ad
884 726 1151 812 Theologiam

55 836 61 841 ’
186 851 526 938 οἰμίοω,,ἰηρτίωἰε
547 850 837 937 Dogmaticam
864 867 927 914 seu
954 844 1170 952 Theoretil

179 974 220 1059 in
241 993 308 1059 qiua
329 969 409 1037 illud
421 969 597 1056 ‚agendum
618 972 687 1051 est,
709 972 755 1034 ut
775 966 906 1054 singula
928 963 1084 1054 duaeque
1105 961 1170 1029 fide

185 1095 316 1177 gnata,
332 1090 407 1156 sivo
427 1102 513 1183 pura
533 1089 603 1155 sint
623 1089 698 1157 sivo
719 1088 835 1171 mixta,
856 1088 946 1153 iusto
969 1084 1086 1152 ordine
1107 1087 1170 1149 red

152 1282 157 1297 ⁶
186 1208 345 1277 methodo
367 1182 645 1281 demonstrentur.
687 1207 803 1294 Atque
831 1204 904 1272 hoo·
925 1207 1098 1290 negotium
1119 1221 1162 1268 ex

186 1331 283 1405 masii
304 1327 472 1394 sententia
490 1324 614 1409 multus
637 1328 814 1405 cautiones
833 1322 948 1408 hahet,
970 1340 1110 1410 quarum
1131 1341 1170 1389 no

188 1447 240 1531 las
270 1445 337 1527 hoc
368 1443 463 1528 loco,
499 1442 584 1511 alias
615 1444 701 1511 inim
734 1441 1084 1511 commemorabimus.¹
1127 1437 1170 1505 Pr

189 1565 449 1652 qumn'fontes,
465 1582 524 1657 cx
550 1559 675 1647 quihus
705 1565 853 1650 cognitio
874 1583 1006 1661 eorum,
1036 1578 1129 1648 'quae
1161 1556 1170 1621 l

190 1689 286 1765 stus
300 1681 482 1765 docuerit,
511 1696 644 1768 quaeve
665 1701 732 1747 non
754 1680 924 1765 docuerit,
950 1682 1083 1746 minime
1103 1680 1139 1743 in
1157 1697 1170 1741 r

49 1843 52 1850 ·
191 1803 320 1885 ratione
341 1799 456 1887 positi,
476 1798 541 1869 scd
561 1799 686 1885 potius
707 1801 881 1866 externi·
906 1800 990 1882 sint,
1019 1786 1152 1886 (nempe

192 1919 355 2008 (lodices,
384 1916 593 1989 Traditioct
620 1915 798 1983 infallibilo·
819 1916 988 1985 ecclesiae
1010 1917 1170 2004 Megisten

191 2038 345 2127 profecto
368 2039 469 2109 ctiam
490 2034 687 2104 consulendi
708 2040 788 2103 sunt
807 2033 843 2101 hi
863 2037 976 2104 fontes
999 2039 1144 2120 externi,
1164 2057 1170 2100 1

193 2157 342 2241 committ
312 2154 465 2227 ttendum
485 2163 568 2240 est,
569 2159 612 2222 ut
632 2152 686 2221 his
707 2151 873 2240 neglectis
887 2156 941 2224 vel
955 2154 1142 2243 posthahit
1133 2177 1163 2222 rs

193 2276 334 2377 stiana
354 2272 433 2341 fidei
451 2272 611 2360 dogmata
632 2295 677 2343 cx
698 2272 772 2340 sola
793 2277 921 2342 ratione
944 2274 1122 2358 ducantur,
1144 2296 1170 2339 ar

68 2487 70 2491 y
154 2409 166 2433 ¹
188 2370 300 2477 tionis
315 2390 452 2478 placita,
473 2395 642 2479 quumvis
656 2394 805 2460 fortasse
827 2415 895 2460 non
916 2392 1162 2482 improbabilia,

193 2513 325 2578 nomine
355 2509 471 2583 vendit
472 2515 570 2581 entur
595 2531 656 2597 pro
684 2511 852 2598 dogmatis
881 2510 996 2579 christ'
973 2515 1086 2579 tranis
1135 2512 1170 2575 ln

194 2627 400 2715 'l'hcologiao
422 2628 646 2714 Dogmaticae
661 2648 792 2716 campo.
808 2626 918 2703 nullm
941 2633 1067 2712 est,'ut
1077 2628 1170 2695 Hem

185 2731 330 2833 quidem
351 2748 488 2831 statuit,
516 2769 600 2814 usus
625 2744 864 2835 Philosophiae
891 2749 1119 2833 positivus.
1164 2749 1170 2814 l

195 2866 307 2951 (priten
333 2854 459 2930 tamen
475 2885 560 2931 usus
589 2863 825 2953 Philosophiae
851 2868 1097 2952 negativus,
1132 2875 1168 2934 et

194 2985 384 3070 negativus,
410 2983 446 3049 in
467 3004 508 3050 eo
532 2986 737 3067 consistens,
767 2988 816 3068 ut,
835 2982 1030 3072 ubicunque
1052 2984 1170 3052 revela

198 3100 330 3169 Christo
354 3100 476 3188 dogma
497 3102 604 3170 videri
625 3108 734 3190 queat
754 3104 874 3170 rationi
894 3109 953 3171 aut
973 3107 1074 3171 etiam
1095 3104 1170 3170 aliis

197 3223 243 3286 sti
264 3220 374 3287 effatis
396 3242 596 3308 repugnare,
619 3221 776 3290 abesse
797 3220 899 3288 talem
919 3226 1170 3310 repugnantiam

198 3342 303 3423 catur,
327 3337 604 3429 obiectionesquc
627 3341 895 3425 adversariorum
916 3361 961 3407 ex
981 3341 1170 3430 philosoph*

197 3463 370 3545 promptae
391 3455 627 3545 Philosophiae
650 3463 751 3527 munis
773 3461 1021 3546 enerventuri').

282 3570 429 3663 lgiturne
454 3579 578 3650 erravit
604 3578 804 3647 Hermesics
830 3582 922 3647 circ'a
949 3583 1111 3647 motivum
1138 3600 1170 3646 cr

74 3712 88 3719 ··
198 3691 301 3765 litatis
325 3694 497 3763 doctrinae
521 3695 746 3766 christianae?
782 3704 842 3766 aut
862 3698 1096 3768 Rationalismi
1124 3699 1170 3766 ad·

199 3891 406 3908 m

233 4016 549 4105 Qcctcncllocsrmiu
507 4020 653 4072 sar-mist
638 4023 899 4105 mhmsrrgtl‘liosl
870 4023 1034 4094 osophiacu

285 4102 712 4174 tdhttiph
736 4108 1160 4163 ushtaodtc

285 4188 531 4253 inmitteretur
