2596 4778
602 258 657 327 97

181 456 319 530 ermon
335 442 543 530 instituatur,
572 448 611 515 nt
632 442 727 517 docti
752 438 903 519 hominos
923 444 1077 537 honerare
1097 464 1167 517 rao·

185 558 245 629 rati
261 578 307 629 ac
324 560 389 635 tua
409 562 501 651 digni
526 560 758 645 consulantur,
790 568 828 639 ot
860 562 1005 655 denique
1025 570 1168 637 omnium

187 674 454 765 ramentorum,
489 702 576 769 qrrao
607 679 732 768 pellere
767 678 1008 767 dubitationes,
1045 690 1167 753 iustam

184 800 429 889 persuasionem
450 800 568 867 atl'erre
590 806 627 867 et
646 802 790 868 anianum
810 800 1025 869 durotnantem
1048 802 1166 871 contir-

182 935 275 1008 maro
296 922 435 1007 queant,
468 922 583 985 rcctus
609 936 692 982 usrrs
714 914 780 987 liat
824 920 914 1003 (Hoc
940 920 1057 1005 modo,
1089 922 1165 991 Deo

177 1036 321 1121 iuvante,
341 1032 500 1103 alteruter
521 1042 662 1105 eventum
685 1038 762 1119 erit,
793 1042 832 1105 ut
851 1034 907 1103 vel
927 1034 1086 1107 liberetur
1106 1038 1165 1108 ali·

177 1154 257 1243 quis
276 1152 395 1223 aialon
415 1150 583 1241 religione,
604 1152 671 1237 vel,
692 1156 724 1221 si
744 1152 788 1221 de
808 1174 889 1221 vera
911 1154 1062 1225 dubitare
1084 1180 1163 1225 ooo·

170 1276 282 1361 perot,
301 1268 347 1363 ad
365 1272 538 1359 pristinam
557 1273 810 1360 persuasionem
830 1272 1032 1361 reducatur).

238 1420 336 1511 orgo
356 1422 553 1493 Hermastus
559 1468 633 1490 .....

62 1564 67 1687 d
103 1620 175 1709 uon
194 1628 371 1715 sequatur,
392 1620 515 1715 quidve
535 1630 787 1713 nonscquatur,
808 1646 853 1693 ex
873 1624 1163 1711 antecedentibus,

62 1790 70 1843 Ι
105 1740 186 1825 istrie
203 1742 427 1813 meoiudicio
453 1740 614 1833 videbunt
632 1762 768 1827 omnes,
798 1745 856 1831 qut
882 1742 937 1811 uel
964 1746 1163 1831 primoribus

62 1848 72 1919 'r
108 1854 192 1929 ihi·
215 1858 389 1949 cogitandi
416 1867 452 1929 et
478 1858 701 1929 concludendi
725 1864 831 1927 artem
858 1868 1043 1947 geralmont.
1094 1862 1161 1929 Vc·

119 1982 212 2063 m,
226 1970 481 2068 Accusatores,
503 1978 655 2061 dilemma
673 1972 764 2047 nihili
785 1984 854 2063 est3
887 2001 1054 2067 quarruqoc
1076 1981 1161 2045 iler-

76 2122 79 2128 ·
123 2096 226 2165 nam
244 2098 401 2165 dixeritis
420 2092 669 2183 ambiguum,
690 2094 982 2183 flexiloquum‚
1005 2098 1160 2185 captio·

116 2228 181 2311 „ll”
195 2236 286 2301 esse,
306 2232 376 2283 non
394 2216 517 2283 videtis
538 2212 610 2281 Vos
631 2217 726 2301 ipsos
747 2216 781 2279 in
802 2214 893 2283 istud
913 2214 1060 2283 incidere
1079 2234 1160 2303 pec·

114 2338 207 2427 (ψ,
251 2336 377 2403 Nonne
406 2330 670 2421 intelligendi
700 2352 769 2399 nox
801 2330 977 2401 admodum
1006 2332 1160 2419 ambigua

74 2428 78 2437 ¹
113 2454 159 2537 at,
174 2454 212 2539 pl
230 2448 277 2519 ad
296 2470 356 2519 res
377 2450 624 2519 diuersissimas
645 2450 760 2517 referri
780 2446 913 2537 possiti
955 2450 1027 2519 llos
1049 2458 1160 2518 autem

104 2570 216 2659 mni
246 2588 365 2659 unuin,
400 2566 446 2637 ad
474 2568 566 2657 quod
597 2566 780 2653 referatur,
816 2570 850 2635 in
875 2572 986 2639 mente
1013 2569 1157 2637 habetis.

105 2680 361 2786 Quotiescunque
381 2686 577 2755 Hermesius
597 2684 745 2773 loquitur
767 2686 811 2776 dc
832 2683 922 2753 clara
943 2684 1157 2776 intelligentia

101 2804 240 2898 hiebus
260 2806 307 2877 ad
328 2803 563 2875 revelationem
586 2802 846 2892 pertinentibus,
878 2804 945 2871 hoc
971 2808 1017 2870 ita
1043 2809 1157 2872 statim

99 2922 358 3017 meermanni,
389 2924 487 3011 qnasi
507 2922 822 3009 ipsadogmata
849 2920 1080 2988 christiana
1106 2924 1156 2990 ad

99 3060 199 3111 snum
226 3044 363 3114 omnia
387 3037 644 3128 intelligere,
677 3040 788 3107 idest
808 3040 975 3126 penitus
996 3042 1154 3126 perspi·

97 3180 176 3234 tere
196 3168 304 3253 atque
324 3158 583 3227 inhumanae
605 3159 783 3225 rationis
810 3156 965 3245 placita
987 3176 1154 3223 commu·

94 3280 171 3368 tare
202 3278 409 3349 intendat.
467 3272 741 3363 Quotiescunque
773 3276 815 3341 dc
846 3294 912 3341 usu
942 3275 1078 3341 rationis
1110 3276 1154 3343 ad

95 3394 287 3467 divinitatem
308 3400 346 3463 et
365 3397 539 3462 veritatem
560 3392 772 3460 revelationis
788 3392 1075 3460 demonstrandam
1095 3415 1154 3460 ne·

93 3518 230 3585 ousario
250 3514 413 3603 loquitur,
445 3511 511 3581 hoc
538 3512 746 3601 detorquetis
766 3548 810 3563 —-
829 3530 895 3577 non
917 3510 1009 3578 dico:
1042 3511 1084 3579 de
1105 3515 1154 3577 in-

91 3630 205 3710 dustria
227 3638 265 3701 et
284 3630 374 3710 mala
392 3629 574 3714 voluntate,
596 3630 661 3697 sed
682 3630 888 3716 detorqrmtis
908 3632 1020 3695 tamen
1039 3664 1083 3680 -
1104 3637 1153 3698 at·

84 3770 144 3841 ¹qne
161 3750 257 3821 illico
279 3750 328 3815 itu
349 3750 519 3836 accipitis,
542 3750 640 3835 quasi
661 3754 791 3814 totum
812 3744 1027 3815 doctrinae
1050 3746 1152 3815 chri·

100 3874 241 3959 [tianae
266 3872 550 3955 argumentum
576 3886 620 3933 ex
646 3865 738 3933 sola
764 3868 891 3933 ratione
918 3862 1039 3931 elicere
1061 3862 1152 3932 Gno-

112 3990 121 4009 ‘
178 4010 239 4059 um
257 3990 368 4055 instar
387 3984 454 4051 sibi
473 3986 681 4070 propositum
701 3982 835 4065 lrabeat,
857 3982 1036 4069 repudians
1057 3980 1151 4049 nihil-

159 4126 289 4177 cnrons
309 4105 543 4171 auctoritatem
564 4102 716 4169 divinam
760 4104 808 4169 At
828 4107 934 4168 totum
954 4098 1037 4184 hoc,
1059 4100 1150 4191 quod

921 4221 946 4284 7
