2514 4792
504 240 507 247 ’
594 279 676 343 oro

67 1231 69 1235 ι
105 1193 209 1260 saepe
228 1152 500 1265 ¹commemorato.
542 1173 593 1238 [bi
616 1173 704 1239 inter
732 1170 797 1237 aba
826 1169 915 1237 bneo
937 1175 1022 1236 ¹suut
1041 1190 1097 1256 cap.
1110 1171 1133 1233 t:
1186 1182 1188 1189 ·

106 1289 285 1379 „Inprimis
307 1290 631 1358 animadvertendum
653 1288 794 1372 aethio,
818 1286 991 1376 duplicem
1016 1308 1083 1355 esse
1099 1286 1133 1353 du

105 1408 310 1497 bitationem‚
333 1408 469 1477 alteram
490 1409 623 1497 quidem
644 1402 792 1491 m'ultum,
813 1405 957 1473 alteram
973 1424 1134 1495 parumne
1183 1397 1186 1411 '

107 1532 300 1593 sentaueam
321 1529 448 1594 rationi.
492 1527 674 1615 Utriusque
696 1527 880 1595 differentia
896 1526 931 1591 iu
947 1523 1016 1593 tine
1030 1529 1132 1591 eterna
1182 1535 1188 1577 i

108 1643 279 1711 dubitandi
300 1666 339 1711 se
359 1644 479 1733 prodit
523 1640 666 1726 Quidam
688 1647 774 1712 enim
795 1644 838 1710 de
859 1642 967 1712 r'ebus
982 1642 1038 1710 vel
1050 1640 1131 1710 eride
1187 1655 1188 1668 ¹

105 1762 246 1828 tissimis
275 1761 452 1848 dubitant,¹
476 1784 543 1830 non
569 1763 660 1852 quod
688 1763 754 1829 sibi
781 1784 896 1830 earum
921 1782 1035 1858 rerum
1058 1761 1128 1826 vobi

108 1880 209 1947 dubia
231 1883 277 1947 sit
297 1886 403 1969 atque
420 1888 595 1970 suspecta,
617 1881 681 1948 sed
702 1886 741 1948 nt
760 1883 939 1948 veritatem
961 1881 1068 1971 ipsam
1082 1862 1123 1943 di

45 2073 47 2076 Α
108 1999 211 2082 tando
233 2020 275 2065 ao
296 1999 497 2088 disputando
519 2003 553 2066 in
573 1999 700 2066 meliori
722 1976 888 2066 oollooeut
908 1997 1002 2082 tuce,
1028 1993 1132 2084 amnti

4 2132 6 2141 ’
89 2115 198 2201 aliis,
226 2118 395 2202 nonsibi,
425 2117 664 2186 dubitationem
691 2119 864 2205 eximant,
888 2117 1004 2183 Nemo
1024 2109 1133 2182 santii

107 2237 292 2304 iusoemodi
313 2235 528 2303 dubitationis
550 2237 657 2325 genus
679 2226 861 2324 improbet,
890 2234 996 2302 imum
1018 2227 1134 2301 rembo-

109 2352 182 2440 det3
214 2376 282 2422 nou
309 2357 394 2422 enim
420 2355 554 2442 proprie
582 2354 616 2420 id
645 2351 797 2421 dubitare
826 2343 882 2418 est
909 2351 977 2418 sed
1007 2345 1133 2420 ddibssfit

109 2454 282 2539 dumtaxat
306 2493 483 2559 personam
504 2471 651 2539 induere.
696 2468 907 2556 Quapropter
927 2461 1133 2557 praemunt

109 2591 173 2652 mis
195 2592 275 2655 viris
295 2612 464 2677 nunquam
483 2610 550 2656 nou
563 2589 657 2657 licuit
672 2589 854 2657 dubitantis
869 2589 993 2675 speeie
1008 2586 1133 2675 inquiro

110 2710 243 2772 utrum
265 2708 322 2773 sit
342 2707 473 2790 Deus3
504 2680 639 2774 utrum
665 2728 764 2774 vera
792 2708 851 2773 sit
871 2704 1133 2774 christianam

52 2890 55 2897 ,
109 2822 225 2910 ligio;
248 2829 289 2890 et
308 2846 397 2890 num
419 2830 551 2909 certa,
573 2831 773 2912 reeteque
793 2823 981 2912 plurium
1004 2817 1140 2893 saecat

64 2955 68 2966 ‘
110 2962 194 3007 rum
227 2947 267 3008 et
297 2941 499 3010 hominum
532 2964 743 3012 consensu
780 2940 980 3009 stabilita
1014 2939 1146 3010 sinito

110 3061 242 3147 prima
269 3059 521 3161 principiani*
548 3057 646 3143 Quod
673 3060 811 3127 mdibus
838 3061 957 3147 utique
979 3059 1077 3145 tinet,-
1101 3050 1150 3125 od

112 3175 177 3262 est,
199 3183 238 3244 ut
257 3199 278 3243 a
299 3178 558 3265 sapientioribus
579 3181 726 3248 referant
746 3179 867 3262 lumen,
889 3199 959 3264 quo
980 3185 1024 3246 et
1043 3172 1154 3267 ipsiab·

112 3299 237 3393 eriores
267 3295 383 3363 fiant
373 3320 407 3364 m
439 3291 616 3367 tradendis
648 3295 820 3364 altissimis
849 3295 1060 3394 abditisque
1077 3294 1159 3364 rebus

69 3443 72 3449 ·
113 3386 237 3481 Contra
258 3436 338 3482 vero
365 3418 484 3483 rationi
509 3416 709 3483 adversatur
728 3414 857 3482 illorum
884 3413 1103 3499 confidentia,
1126 3410 1164 3500 qui

111 3552 178 3599 nou
200 3530 297 3600 alium
320 3533 500 3601 dubitando
523 3533 590 3600 sibi
606 3533 708 3601 finem
728 3534 900 3615 statuunt,
935 3554 1046 3619 quam
1067 3531 1166 3602 acutis-

113 3653 187 3718 simi
215 3653 269 3717 sui
294 3654 418 3738 ingenii
437 3650 618 3739 periculum
651 3653 781 3762 facere3
814 3655 849 3716 et
878 3655 950 3716 tum
976 3650 1047 3719 sibi
1077 3651 1170 3719 video·

89 3772 169 3834 ’tur
199 3770 326 3837 cordati
348 3758 587 3858 sapientesque
607 3770 685 3854 viri,
712 3789 814 3856 quum
833 3769 932 3834 unius
959 3788 1048 3836 suae
1072 3768 1175 3838 mens

87 3907 233 3953 nocem
262 3908 303 3954 oo
331 3889 489 3956 iudicium
523 3886 678 3972 audiunt,
714 3886 852 3953 aliorum
887 3890 1123 3973 contemnunt3
1152 3889 1177 3952 et

116 3999 163 4071 ad
198 4004 434 4074 destruendum
462 4004 822 4095 quam'aedifioandum
847 4005 996 4092 aptiores
1025 4013 1087 4075 aut
1116 4000 1179 4074 uibi

42 4128 46 4143 '
112 4122 176 4214 prb
202 4129 263 4194 ant
284 4128 343 4194 aut
362 4123 398 4196 id
417 4124 526 4196 solum
544 4122 700 4217 probunt,
727 4121 940 4216 quodmimi
959 4126 1018 4259 sui
1040 4123 1181 4217 appetiti·
