2514 4792
292 1186 854 1363 'tumax-

54 1592 368 1688 prolegomeno.
466 1652 900 1673 .........
943 1629 1009 1695 pag.
1057 1618 1134 1693 t·ttt

54 1712 176 1790 Caput
196 1711 219 1772 l.
264 1708 341 1788 Quid
368 1708 403 1777 dc
429 1706 580 1773 Hermcsio
609 1709 785 1773 iudicandum
808 1722 902 1786 esset,
1198 1708 1200 1723 '

99 1817 123 1873 si
151 1825 231 1873 recte
256 1832 288 1874 se
314 1814 452 1879 haberent
480 1825 672 1877 accusatorum
699 1815 812 1896 placita.
854 1812 903 1873 ln·

98 1917 259 1994 friogonmr
296 1917 369 1977 haec
400 1916 503 1997 placita
535 1918 708 1995 argumentis
734 1911 904 1997 *quibusdam

99 2017 279 2096 generalibus
300 2020 476 2117 exprinsecus
497 2018 592 2098 petitis
624 2062 633 2079 .
677 2060 686 2078 .
730 2061 739 2079 .
783 2060 792 2077 .
832 2016 846 2076 '.
890 2059 898 2076 .

61 2151 112 2210 Ca
119 2174 146 2231 p.
166 2153 207 2212 11.Δ
245 2151 430 2227 Memorabile
450 2153 656 2227 testimonium,
687 2149 762 2234 quod
781 2151 903 2215 Herme-

105 2255 165 2312 sius
186 2253 221 2313 dc
242 2272 274 2313 sc
293 2255 351 2335 ipae
368 2252 452 2354 ‘dedit
517 2296 897 2318 ........
973 2277 976 2281 ’

55 2388 140 2468 Cap.
163 2389 213 2449 111.
256 2387 335 2464 Quid
356 2391 469 2448 omnino
496 2388 635 2469 significet
663 2387 734 2449 tides
755 2400 785 2448 et
806 2387 903 2453 fidere.

98 2491 273 2577 Multiplices
293 2488 361 2551 atet
383 2493 503 2565 formae,
528 2493 552 2551 si
567 2503 713 2577 spectatur¹
730 2489 766 2551 ad
785 2492 902 2564 iontem,

98 2591 136 2651 ad
158 2591 285 2666 modum3
309 2592 347 2659 ad
368 2596 579 2674 praestantiam.
625 2593 787 2655 Cavendum
809 2613 828 2653 a
849 2593 905 2661 lide

99 2707 225 2770 temera,
247 2694 452 2779 videndumque
474 2709 505 2757 ut
526 2699 615 2757 omnis
637 2695 723 2769 fides,
748 2698 833 2755 etiam
855 2716 903 2775 po·
923 2726 928 2738 x
1001 2735 1007 2744 -

99 2796 195 2871 sitiva,
212 2797 248 2856 sit
263 2797 364 2857 rationi
380 2812 577 2869 coruscatanea.
622 2797 699 2873 Quid
713 2797 905 2878 inquirendum

101 2899 154 2971 sit,
181 2899 230 2958 ubi
258 2902 402 2978 quaeritur
426 2899 463 2961 de
491 2900 547 2975 fide
567 2897 725 2973 adhibenda
746 2897 903 2974 doctrinae,

103 3020 172 3078 quoe
194 3021 226 3060 se
248 3001 380 3063 divinituu
400 3003 535 3075 traditam
556 3003 705 3084 profitetur
759 3005 792 3060 '.
835 3044 844 3063 .
888 3044 897 3062 .

57 3134 142 3214 Cap.
165 3135 218 3197 lV.
257 3137 415 3198 criterium
446 3139 563 3217 originis
593 3158 649 3198 non
681 3135 816 3198 divinac.'
845 3137 904 3198 tti-

104 3239 179 3295 nime
201 3216 293 3297 statim
315 3218 434 3300 relicere
457 3242 525 3300 licet
546 3239 713 3313 doctrinam,
737 3241 761 3298 si
771 3241 906 3299 nonnulla

106 3350 153 3398 aut
176 3340 263 3400 multa
285 3343 424 3417 continet,
462 3363 535 3424 qnae
562 3358 659 3421 supra
674 3323 814 3402 rationem⁸
833 3354 906 3402 sunt.

105 3439 253 3513 Quomodo
275 3444 383 3504 interna
411 3446 585 3526 praestantia
614 3443 759 3504 doctrinae
787 3442 821 3503 ad
844 3448 928 3503 crtu-x

101 3538 223 3603 dendum
242 3534 402 3626 propositae
423 3548 567 3607 aestimari
589 3544 691 3605 debeat
733 3588 741 3606 .
786 3589 793 3606 .
840 3590 847 3605 .
892 3591 898 3605 .
965 3578 1007 3591 -
1052 3618 1055 3627 Ι
1117 3577 1120 3581 ·

52 3679 146 3757 Cap.
170 3679 209 3740 V.
253 3678 510 3744 Acconrmddantur
538 3682 653 3760 regulae
680 3681 842 3761 propositae
870 3678 906 3739 ad

57 3782 65 3795 ⁸
98 3777 258 3839 doctrinam
274 3782 463 3864 christianam.
501 3783 593 3842 Huius
608 3784 722 3842 interna
737 3783 909 3862 praestantia

101 3884 185 3959 «putria
200 3903 304 3961 pronos
319 3906 369 3944 nos
383 3887 481 3958 faeiat,
506 3898 537 3946 ut
551 3883 682 3948 divinitus
697 3883 828 3945 traditam
845 3904 907 3944 cre-

101 3979 219 4059 damus,
242 3997 336 4046 tamen
359 3986 405 4046 alti
434 3999 582 4067 praeterea
611 3989 793 4047 characteres
815 3988 908 4068 requi·
958 3986 962 3994 '

105 4083 187 4144 rendi
212 4090 277 4148 sunl
