2596 4778
366 1216 611 1329 aaaron
642 1188 946 1311 umero

560 1424 751 1485 Antei·

633 1640 671 1711 S.

114 1868 240 2040 ouum
259 1978 378 2046 nuper
399 1958 444 2025 ad
463 1978 529 2045 me,
551 1963 667 2029 neseio
690 1982 757 2049 quo
780 1982 881 2043 casu,·
895 1958 1044 2048 perlatae
1067 1965 1186 2027 essent

115 2074 240 2141 litterae
267 2076 509 2164 apostolieae,
541 2078 664 2168 qrribus
689 2078 871 2165 Gregorius
893 2075 988 2161 xvi,
1013 2078 1187 2145 llomanus

122 2190 268 2258 Pontifex
286 2202 318 2263 et
341 2192 589 2293 Sanctissimae
599 2196 712 2281 Pater,
735 2195 924 2282 complures
942 2191 1079 2285 Georgii
1098 2196 1184 2265 Her·

114 2314 209 2381 mesii
227 2309 328 2380 libros
350 2312 537 2399 damnavit3
559 2315 671 2384 dicere
692 2338 759 2384 nou
778 2336 929 2404 possum,
951 2320 1035 2402 qrrot
1054 2321 1089 2382 et
1102 2337 1195 2404 qua·-

112 2433 157 2501 les
178 2434 283 2520 priano
302 2434 433 2519 impetu
454 2436 694 2501 commotiones
720 2436 883 2503 inanimo
904 2454 979 2501 meo
1002 2436 1182 2503 extiterint.

113 2549 186 2619 llrla
209 2558 265 2619 est
294 2550 467 2617 adrniratio
488 2551 691 2620 incredibilis
713 2552 756 2620 de
777 2575 815 2620 re
835 2555 892 2620 vix
915 2549 1065 2619 credibili
1072 2574 1082 2635 ;
1109 2557 1183 2621 orta

114 2671 284 2759 indignatio
299 2673 440 2757 propter
454 2670 660 2756 quorundam
669 2672 814 2739 virorum
826 2674 978 2754 conatus,
990 2670 1048 2757 qui
1061 2668 1182 2739 famam

116 2788 370 2855 innocentissimi
380 2785 630 2875 fidelissimique
640 2784 801 2855 Doctoris
812 2786 907 2855 falsis
927 2766 1191 2883 denuntiationi·¹

119 2902 214 2972 lrset
225 2904 416 2973 temerariis
437 2902 763 2991 expostulationibus
783 2924 851 2972 non
870 2925 986 2993 parum
1006 2896 1180 2993 laeserint;

118 3029 192 3090 ortus
217 3020 313 3090 dolor
336 3027 371 3087 et
390 3022 526 3088 tristitia
548 3042 591 3088 ex
613 3023 815 3110 cogitatione
837 3018 1069 3106 calamitatum,
1091 3045 1179 3112 quas

116 3142 197 3209 iidem
219 3141 373 3209 homines
395 3160 498 3207 caeco
518 3124 633 3207 ¹studio
655 3138 786 3226 abrepti
807 3136 974 3207 ecclesiae
988 3136 1177 3209 catholicae

115 3241 293 3343 blixerint;
314 3262 388 3325 orta
403 3256 575 3344 aegritudo
590 3278 656 3325 non
670 3279 775 3345 parva
787 3262 924 3351 propter
943 3257 1111 3342 ingentem
1126 3258 1175 3325 in·

115 3374 349 3446 lumerabilium
375 3375 665 3443 Hermesianorum
694 3373 838 3458 cladem,
871 3377 1008 3461 propter
1036 3352 1175 3443 difficul-

112 3502 196 3581 bles,
220 3494 344 3585 quibus
365 3495 569 3581 inposterum
597 3514 669 3576 eos,
692 3492 855 3579 Magistro
877 3492 1024 3579 pessime
1047 3496 1173 3577 notato,

111 3615 135 3681 in
152 3612 318 3683 obeundis
340 3612 547 3700 gravissimis
568 3610 760 3677 muneribus
781 3610 886 3696 premi
907 3612 1007 3695 atque
1022 3609 1173 3696 impediri

108 3752 238 3801 necesse
260 3733 326 3816 sit3
360 3736 434 3797 orta
460 3726 650 3797 sollicitudo
679 3733 714 3794 et
740 3730 867 3808 metus,
895 3746 938 3827 ne
966 3724 1173 3811 perturbatis

107 3849 305 3936 plurimorum
328 3845 576 3916 catholicorum
597 3846 714 3912 animis
736 3840 896 3912 scandala
915 3848 1114 3927 nascantur,
1136 3846 1173 3911 et

104 3965 295 4039 labefactata
317 3965 434 4057 populi
460 3970 519 4032 aut
545 3964 726 4032 iuventutis
754 3960 927 4030 studiosae
948 3959 1071 4029 fiducia
1091 3981 1171 4049 erga

101 4085 246 4158 doctores
273 4087 422 4158 maximo
444 4102 581 4151 numero
602 4102 622 4148 e
645 4079 820 4169 discipline
847 4078 1067 4149 Hermesiuna
1092 4097 1169 4165 pro·

910 4199 934 4263 ι
947 4196 966 4230 s
