2514 4792
79 418 210 503 aarum
221 409 266 479 ah
285 402 352 478 Irae
370 402 616 478 incussum
637 406 810 477 discernat
827 402 1062 479 necessitates:

91 528 215 600 rulem
230 530 309 598 sive
331 526 625 615 obligationis,
653 546 717 595 sua
735 531 856 595 natura
877 527 1061 596 disemum

86 642 253 718 'cessimte
267 648 451 733 coactionis
471 648 670 732 omninoque
690 651 952 716 consentaneam
970 646 1062 717 emi

90 746 161 835 tate
187 765 367 835 voluntatis
395 785 537 853 cumque
565 766 672 850 gratia
699 762 829 848 divina,
859 784 928 863 non
955 766 1062 854 putrui

91 880 338 954 conclusionem
364 883 453 950 illam
478 883 739 980 pervenirenisi
758 885 823 967 ita,
855 889 897 950 ut
915 886 952 952 ‘m
968 878 1062 973 praed

89 990 190 1072 talem
209 1003 447 1071 necessitatem
471 999 683 1089 intelligatis,
711 1000 845 1089 qualem
865 1000 1041 1090 intelligere
1058 999 1062 1071 l

89 1115 215 1190 merim
241 1142 350 1211 neque
378 1117 485 1189 voluit
510 1140 621 1209 neque
647 1124 767 1207 potuit
810 1119 870 1189 Ex
898 1121 1053 1193 nemesii

86 1236 193 1312 tentia
212 1238 279 1309 hoc
298 1238 398 1308 modo
419 1237 581 1328 procedet
600 1241 859 1330 argumentatio:
890 1284 894 1291 ·

175 1470 282 1565 „Nou
304 1496 380 1546 cum
402 1477 547 1568 physica
574 1481 797 1566 necessitate,
828 1479 864 1548 id
886 1485 947 1549 est
972 1500 1062 1551 nour

162 1596 378 1665 theoreticae
397 1600 541 1697 'mtiouis
568 1597 701 1686 legibus
728 1596 863 1688 penitus
895 1602 1022 1686 couci,
1044 1621 1062 1670 e

88 1732 92 1737 ·
172 1714 415 1805 pematuralem
435 1721 471 1784 et
490 1738 569 1786 vere
598 1716 741 1786 divinam
768 1718 948 1786 doctrinae
969 1718 1062 1789 christ*

121 1903 123 1915 ,
173 1837 332 1924 originem
367 1837 550 1906 credimus:
593 1841 739 1905 attamen
780 1839 996 1911 certissimae
1018 1842 1062 1907 au

171 1956 342 2041 practicae
356 1954 451 2044 leges
466 1977 542 2025 cum
557 1955 675 2025 cadem
696 1956 846 2024 cucuma
868 1955 1062 2029 chrisme

24 2127 28 2135 .
88 2100 101 2127 e
171 2094 238 2160 que
260 2072 510 2143 characteribus
524 2077 597 2143 eius
609 2076 754 2166 propriis
772 2074 876 2144 talem
898 2078 1062 2149 commen·

172 2189 310 2276 hahent,
331 2201 370 2262 ut
383 2193 665 2264 dubitatiunculas
686 2173 903 2285 theoreticae,
927 2220 1062 2293 qnaepr

23 2328 29 2339 ·
172 2313 315 2401 aliquam
349 2313 470 2403 plenae
503 2314 764 2403 perspicientiae
799 2312 977 2388 defectum
1014 2296 1062 2390 rer

163 2420 264 2517 hunt,
286 2435 417 2502 omniuo
437 2430 530 2500 nihili
549 2433 726 2500 aestimare
747 2436 831 2502 ratio
852 2434 1062 2531 iubeatatqu

133 2594 136 2601 -
170 2555 284 2645 peret,
314 2551 613 2639 eademqueratio
641 2550 707 2619 hoc
733 2553 869 2640 imperio
890 2576 961 2626 suo
982 2560 1062 2629 nohi

171 2654 425 2741 cessitatem
449 2668 647 2738 moralem
673 2671 747 2739 sive
773 2668 1062 2760 obligationer

75 2856 77 2861 ,
169 2788 265 2876 ponit
284 2788 358 2855 sine
379 2784 445 2854 ulla
464 2786 686 2857 haesitatione
707 2788 866 2859 credendi
888 2800 925 2863 et
944 2797 1059 2869 foisse

169 2910 283 2994 gaium
302 2905 369 2976 Dei
389 2906 509 2974 Jesum
531 2903 699 2976 Christum
720 2914 756 2978 ct
777 2931 818 2979 ea
838 2915 969 3001 omnia,
999 2940 1062 3009 qna

169 3023 225 3094 his
245 3025 417 3115 patefecit,
437 3026 613 3094 verissima
635 3046 723 3095 esse.

87 3166 91 3174 ·
236 3121 349 3232 Atqui
362 3142 448 3211 haec
476 3149 722 3218 necessitas
747 3132 921 3219 moralis
942 3159 1062 3226 rationi

167 3265 265 3352 perio
283 3262 447 3331 voluntati
467 3265 623 3353 imposita
648 3289 727 3337 non
752 3268 873 3338 tollit
896 3268 1062 3346 liberta

168 3383 367 3469 omninoque
389 3382 490 3450 fieri
509 3390 671 3471 potest,
702 3392 740 3454 ut
760 3370 932 3473 voluntas,
960 3389 1062 3466 libera

159 3482 245 3565 'dem
265 3499 327 3566 sed
351 3498 470 3567 debilis
490 3508 608 3570 natura
629 3525 703 3588 sua,
725 3505 768 3573 acl
788 3505 1034 3593 perficiendam
1060 3564 1062 3578 .

167 3615 423 3695 nem'moraliter
442 3625 678 3729 necessariam,
700 3623 734 3690 id
748 3631 803 3693 est
816 3616 983 3716 hocloco,
1007 3634 1055 3703 ad

169 3731 312 3802 divinam
332 3720 580 3825 suscipiendam
601 3747 636 3810 et
657 3737 867 3830 servandam,
889 3746 1048 3822 altior‘i

104 3939 108 3945 η
170 3850 257 3918 dam
292 3855 456 3923 afflatu
499 3865 628 3948 atque
663 3861 907 3933 adiumento
944 3865 1062 3946 divin

168 3971 298 4041 misso
320 3967 519 4064 indigeat
795 3991 797 3995 '
