2514 4792
615 214 669 280 78

106 406 200 491 origo
221 402 384 485 creditur,
415 404 553 488 propter
572 395 762 465 luculentos
774 371 1005 463 ‘emacem
1026 388 1151 459 cumis

106 522 258 589 doctrina
289 522 487 585 coniunctos
523 537 603 582 non
634 536 762 601 posse
793 512 991 579 recusari
1021 504 1151 605 aas&

106 643 188 709 nisi
207 661 227 705 a
249 640 416 705 ratione
438 633 710 714 deficiamus,
738 630 859 699 deinde
880 652 984 715 vero,
1012 626 1151 717 explora

105 752 346 847 supernaturali
376 758 412 819 et
449 752 560 819 diviua
595 750 767 837 doctrinae
802 746 1011 817 christianae
1046 748 1150 834 origin,

105 881 205 947 etiam
225 896 300 943 eam
318 870 435 954 fidem,
462 888 531 956 qua
555 868 737 935 creduntur
762 864 895 953 singula
915 888 1076 955 quaeque
1093 866 1152 935 ss·

104 994 230 1065 christi
255 992 356 1059 effato
383 988 514 1055 etiamsi
540 984 888 1075 incomprehensibilia
913 990 1060 1076 propter
1082 986 1153 1053 iuter

103 1114 280 1182 cedentem
309 1107 378 1176 Del
404 1108 639 1174 auctoritatem
668 1127 748 1173 non
776 1126 905 1192 posse
944 1104 1154 1175 recusarit

101 1230 216 1313 nobis,
244 1228 328 1295 nisi
347 1228 444 1294 item
465 1246 486 1291 a
506 1226 670 1292 ratione
692 1223 957 1292 deficiamus.
1000 1221 1067 1293 Sic
1085 1224 1155 1305 rah,

101 1351 255 1437 quamvis
275 1342 412 1425 infirma,
434 1347 471 1408 at
486 1348 577 1409 certe
599 1342 710 1429 aliqua
730 1340 807 1411 luce
825 1340 998 1433 praedita,
1018 1341 1158 1411 hominu

100 1466 312 1536 obedientem
333 1468 425 1529 certo
447 1460 540 1527 ducit
559 1466 619 1529 aut
637 1462 751 1549 petius
770 1463 846 1549 ipsa
862 1460 1003 1531 ducitur
1016 1461 1063 1531 ad
1074 1462 1157 1531 susci

100 1584 256 1674 piendam
276 1580 376 1648 tidem
397 1580 553 1662 divinam,
574 1578 619 1646 ad
639 1578 890 1664 agnoscendam
903 1578 1061 1649 altiorem
1071 1578 1157 1649 lucu

99 1701 278 1791 splendore
298 1717 362 1764 suo
383 1694 567 1783 replentem
587 1694 719 1763 eoelum
732 1701 913 1764 etterram.
959 1696 1059 1769 Haec
1076 1698 1157 1767 dees

98 1821 295 1909 Episcopus
319 1817 634 1904 Argentoratensis,
664 1814 750 1883 haec
777 1821 875 1904 urget
900 1820 1153 1905 monentque

97 1938 211 2011 verbis
231 1936 392 2019 inculeat3
413 1934 649 2017 Bautaenium,
677 1940 794 2002 contra
814 1940 1026 2007 statuentem
1040 1944 1071 2007 et
1083 1932 1149 2003 nihd

97 2060 168 2127 fere
194 2057 314 2123 rationi
339 2056 476 2144 praeter
500 2056 581 2122 vim
606 2056 786 2122 inertiae
811 2050 1040 2143 tribuentem,
1065 2060 1154 2125 utb-

96 2178 269 2245 ruerarium
289 2171 524 2261 pretiosissimi
543 2174 690 2239 muneris
710 2193 731 2237 a
751 2169 829 2239 Deo
849 2176 994 2262 accepti
1013 2174 1179 2259 dotem,

94 2302 203 2364 torem
224 2288 432 2359 condemnat
474 2288 620 2357 Prorsus
641 2288 761 2365 eedem
782 2290 881 2360 modo
894 2292 1108 2383 Hermesius,
1123 2316 1154 2363 no

95 2414 197 2483 hilum
224 2408 358 2499 quidem
386 2407 567 2475 discedens
593 2408 637 2475 ab
664 2406 731 2475 hoc
753 2411 874 2477 eximio
895 2410 1055 2483 Pastore.
1096 2412 1152 2483 sn

95 2534 194 2620 igitur
219 2549 281 2616 pro
308 2524 483 2593 Hermesio
510 2524 707 2615 Episcopum
732 2527 842 2616 ampla
872 2534 1081 2601 auctoritate
1103 2530 1152 2621 pol

95 2649 186 2731 lens,
208 2648 278 2712 stat
298 2646 372 2731 ipse
394 2642 638 2711 Sanctissimae
660 2644 778 2730 Pater,
805 2648 866 2735 qni
890 2642 983 2717 illius
1009 2651 1153 2743 approba·

93 2769 143 2835 vit
173 2761 361 2852 Epistulam
391 2762 613 2846 Pastoralem,
648 2785 716 2832 nen
746 2786 812 2833 uno
844 2762 922 2833 loco
949 2776 990 2837 et
1016 2774 1154 2861 quadiu

93 2892 288 2955 transcursu
311 2884 546 2969 attingentem,
568 2881 632 2950 sed
652 2884 772 2949 iterum
791 2887 980 2975 iterumque
1003 2889 1153 2980 explicar-

91 3013 176 3087 tem,
198 3001 364 3091 quomodo
392 2998 577 3087 Theologia
598 3021 673 3066 eum
694 3000 924 3092 Philosophia,
950 3005 1042 3079 tides
1064 3012 1154 3081 diva·

92 3143 166 3189 eam
189 3122 316 3187 ratione
337 3118 480 3187 humana
502 3138 654 3185 connexa
676 3124 778 3207 atque
800 3121 959 3210 copulata
979 3131 1040 3197 sit.

174 3239 330 3305 Maximis
356 3240 448 3305 vitiis
474 3234 626 3304 laborare
654 3238 798 3306 diximus
819 3244 947 3311 soriten
967 3267 1076 3337 supra
1095 3272 1156 3341 pru·
1196 3244 1198 3251 ’

24 3342 28 3357 ’
94 3358 238 3446 positum
267 3378 311 3423 ex
338 3362 449 3422 mente
476 3356 750 3422 adversariorum.
800 3354 898 3439 Quod
918 3368 959 3429 ut
985 3373 1097 3459 magis
1120 3374 1158 3439 iu·

94 3480 206 3543 currat
227 3477 259 3540 in
281 3473 411 3555 oeuloS,
435 3494 478 3539 ex
499 3472 643 3540 adverso
665 3477 818 3563 ponimus
839 3478 927 3548 hunc
942 3481 1096 3571 „noenum
1114 3510 1160 3559 su·

90 3595 185 3671 aileu,
208 3615 361 3680 eumque,
382 3599 422 3660 ut
441 3590 620 3676 eredimus,
642 3591 827 3662 meliorem:

239 3828 434 3896 Hermesius
461 3824 559 3894 sulem
588 3830 731 3896 divinam
752 3854 773 3897 a
794 3836 922 3905 ratione
943 3838 1087 3915 solide
1107 3847 1166 3917 ds·

173 3945 479 4012 monstrandam
508 3965 587 4014 esse
610 3951 790 4018 contendit

238 4063 313 4128 liae
336 4062 616 4132 demonstratione
643 4064 723 4135 illud
751 4066 839 4136 effici
867 4070 954 4157 vult,
987 4082 1028 4146 ut
1050 4102 1097 4151 ex
1117 4106 1166 4153 ar.
