2514 4792
10 438 177 507 doctrina
196 429 428 517 indicabimus,
449 434 614 523 siquidem
635 454 717 502 sana
731 437 1018 526 rationantemur,
1040 448 1099 512 aut

10 558 159 625 husitnm
184 551 285 620 uobis
306 572 327 617 a
346 550 423 619 Deo
443 555 516 621 veri
541 554 692 641 rectique
713 572 850 621 sensum
875 574 941 624 uon
963 557 1097 629 desere·

10 671 123 745 uus?
162 672 241 739 Non
260 672 442 758 poterimus
463 690 531 739 non
556 671 704 739 iudicare
725 673 887 741 eiusmodi
914 674 1097 747 doctrinam

10 812 102 865 esse
122 796 272 859 natura
293 809 366 854 sua
386 776 795 875 praestantissimam
815 791 994 881 ideoque
1008 796 1096 866 Deo

10 932 96 981 non
117 908 337 996 indignam.
379 906 552 975 Habemus
575 909 804 993 criterium,
824 908 859 975 id
880 917 935 977 est
957 921 1096 983 certos
1144 880 1149 891 ι

10 1030 292 1113 characteres
316 1028 510 1094 internae
531 1030 821 1113 praestantiae
844 1027 1014 1099 doctrinae
1036 1033 1095 1099 ali-

10 1150 118 1219 cuius
139 1146 183 1213 ad
204 1145 407 1238 eredendum
426 1147 630 1233 propositae.
675 1141 739 1226 Qui
767 1146 900 1233 quidem
922 1149 1095 1220 characte-

10 1290 72 1337 res
95 1264 158 1333 ubi
177 1265 395 1350 reperiuntur,
416 1263 569 1349 profecto
591 1267 690 1333 etiam
710 1266 752 1348 is,
774 1267 833 1353 qui
852 1265 953 1333 talem
973 1290 1095 1356 propo·

10 1390 65 1453 nit
97 1383 296 1465 doctrinam,
329 1380 526 1447 iudioundns
553 1387 588 1449 et
610 1382 798 1449 credendus
827 1389 966 1451 estnon
987 1385 1096 1455 solum

10 1523 144 1590 magna
169 1498 383 1587 intelligentia
403 1498 544 1587 pollere,
572 1500 635 1567 sed
657 1504 756 1568 etiam
778 1523 825 1570 eo
847 1505 979 1570 animo
1003 1526 1094 1591 esse,

10 1630 51 1693 nt
72 1624 152 1711 ipse
173 1622 380 1688 sit·amans
410 1622 446 1709 et
475 1605 696 1686 studiosus
722 1594 962 1688 honestatis
990 1625 1094 1692 Deo·
1126 1666 1129 1671 -

10 1762 96 1833 pue
122 1736 315 1823 deditus,
336 1739 535 1827 praesertim
557 1741 588 1804 si
609 1736 735 1826 reliqua
757 1741 829 1806 eius
850 1740 921 1807 vita
942 1744 1095 1810 exomni

10 1865 111 1951 parte
140 1858 311 1926 consentit
339 1863 375 1924 et
401 1858 612 1943 apertissima
641 1859 978 1946 constantissimeque
1010 1863 1094 1928 inte·

10 1979 160 2067 gnitatis,
180 1977 344 2059 veritatis,
368 1977 568 2056 sanctitatis,
590 1977 725 2060 pietatis
748 1981 849 2061 atque
871 1979 993 2042 amoris
1015 2000 1094 2065 erga

10 2086 135 2165 llcdm.
151 2095 247 2181 signa
266 2094 421 2162 ostendit
464 2093 551 2157 Nam
582 2093 705 2178 siquis
738 2091 946 2158 nihilominus
978 2099 1094 2160 contra

18 2216 174 2283 statuere
193 2209 292 2279 cebet
311 2218 370 2279 ant
391 2208 653 2278 dubitationibus
683 2209 867 2296 relinquere
888 2209 1015 2295 locum,
1043 2216 1092 2279 vi·

17 2326 330 2401 delicet'snblatnm
350 2333 416 2396 iam
437 2334 533 2394 esset
555 2333 594 2393 et
609 2329 743 2415 penitus
774 2330 957 2397 extinctum
979 2351 1091 2398 omne

13 2449 165 2519 officium
194 2445 335 2517 fiduciae
362 2450 396 2514 in
426 2447 690 2535 'quacumque
725 2447 855 2515 demum
882 2468 986 2514 causa
1013 2470 1092 2536 erga

11 2566 101 2636 'alios
121 2564 349 2637 adhibendae:
372 2568 478 2655 .quod
500 2589 601 2655 quum
621 2572 749 2655 pugnet
769 2568 899 2634 omnino
921 2587 997 2632 cum
1017 2566 1092 2656 lege

10 2685 142 2771 morali,
164 2688 263 2755 exeo
277 2686 411 2775 planum
432 2685 471 2751 fit
484 2692 599 2753 vetare
621 2688 706 2751 recti
726 2705 863 2751 sensnm
877 2690 913 2751 et
932 2687 1093 2754 rationem

10 2803 182 2890 moralem,
204 2807 380 2894 quominus
401 2810 531 2892 turpem
553 2802 776 2871 simulatorem
799 2825 877 2870 esse
898 2809 1000 2892 atque
1022 2805 1091 2870 ani·

12 2947 104 2992 mum
136 2922 181 2991 ab
208 2920 386 2990 honestate
413 2927 449 2990 et
475 2943 495 2987 a
520 2920 597 2988 Deo
627 2921 767 2989 alienum
794 2924 829 2988 in
861 2928 999 3007 pectore
1028 2942 1091 2987 suo

13 3065 132 3132 gerere
160 3041 335 3110 credamus
357 3061 448 3124 eum,
477 3042 536 3128 qni
562 3042 649 3106 omni
669 3040 786 3105 virium
813 3043 1091 3105 suarumconatn

10 3165 234 3250 maximisque
255 3163 350 3227 vitas
366 3159 582 3225 incommodis
596 3159 630 3225 id
644 3159 714 3244 agit
733 3161 908 3243 perpetuo,
930 3162 968 3223 nt
989 3177 1090 3223 verae

10 3283 152 3350 aliorum
172 3279 339 3347 hominnm
360 3276 462 3345 saluti
480 3277 677 3363 prospiciat,
699 3277 826 3341 animos
848 3296 961 3340 eorum
979 3294 1090 3340 asen-

10 3526 118 3588 tatem
139 3518 184 3585 ad
196 3519 269 3584 veri
290 3513 436 3582 studium
456 3533 651 3599 omnemque
673 3510 882 3599 honestatem
902 3509 1088 3597 compellat,

13 3639 162 3725 denique
183 3639 353 3724 pietatem,
376 3633 604 3713 reverentiam,
625 3651 771 3696 amorem
792 3650 871 3715 erga
881 3627 990 3694 Deum
1004 3632 1089 3716 ipsis

11 3753 217 3840 inlimdatl').
261 3751 334 3823 Sed
356 3753 398 3821 de
419 3751 490 3834 his,
521 3769 608 3838 quae
629 3747 867 3836 praeliminaria
883 3753 978 3836 ,sunt
1005 3749 1089 3814 satis

10 3875 149 3943 dictum
560 3906 563 3914 ·

41 4132 65 4196 ·)
82 4126 155 4180 Vide
172 4125 305 4179 Hermesii
321 4120 472 4175 introduct.
490 4117 646 4193 Philosopb.
665 4119 688 4188 5.
707 4116 745 4172 79
763 4123 790 4171 et
806 4115 832 4187 5.
849 4112 900 4170 85.

830 4218 887 4286 3*
1019 4206 1027 4219 ’
