2514 4792
538 230 589 293 lo

43 462 767 659 ⁹,flssoanon1.

27 706 137 803 'outo
156 718 207 785 'd'e
233 719 452 788 Hermesio
474 717 739 784 iudicandum
762 722 897 799 esset,
926 719 965 782 si
996 724 1103 784 recte

27 824 304 947 se.'l1ah:ercnt
336 844 636 923 accusatorum
662 850 832 941 placita.
877 850 1105 943 lnfringnn·

24 999 90 1059 tur
108 991 217 1095 ,hpec
242 966 403 1091 placita
431 991 684 1077 argumentis
710 986 964 1075 quibusdum
993 1009 1103 1076 gene·

238 1124 402 1192 ralihus
429 1127 700 1204 extrinsecus
726 1124 888 1210 petitis

229 1377 400 1430 Melanthea
416 1379 502 1433 mles
522 1380 628 1431 hactus
646 1379 724 1439 lacit,
747 1394 797 1432 nee
818 1382 911 1447 potest
932 1352 1027 1433 arhor.
1039 1378 1104 1432 ula

229 1463 315 1516 honos
338 1464 444 1517 fructus
462 1465 562 1519 ferme.

652 1571 749 1618 Modo.
769 1562 798 1631 ⁷,
817 1560 953 1618 17-18.

111 1748 153 1817 Si
179 1769 259 1814 vera
288 1754 323 1814 et
351 1748 523 1836 explorata
545 1755 679 1835 essent,
709 1770 796 1836 qnae
819 1749 862 1816 de
882 1748 1103 1818 fundamentis

27 1866 70 1933 ah
93 1868 271 1933 Hermesio
292 1868 414 1953 positis
437 1867 546 1955 deque
574 1873 646 1933 tota
666 1867 908 1937 Hermesianae
939 1868 1102 1937 decumae

28 1988 156 2053 ratione
178 1988 222 2053 ad
237 1985 496 2054 Sanctissimum
509 1985 643 2052 Patrem
665 1983 853 2053 detulerunt
873 1984 1021 2075 locisque
1040 2006 1096 2050 ex-

27 2108 153 2193 cerptis
188 2103 405 2192 comprobare
433 2100 624 2189 voluerunt3
658 2101 738 2170 nihil
765 2123 889 2192 operae
922 2104 1098 2194 perderem,

25 2223 88 2289 sed
117 2214 275 2290 continuo
303 2228 338 2290 et
366 2226 481 2309 aperte
507 2220 681 2307 profiterer
708 2222 763 2290 vel
788 2222 855 2288 hoc
881 2244 953 2293 uno
979 2225 1102 2292 nomine

22 2346 62 2407 ut
80 2339 333 2427 depravatorem
355 2340 526 2407 doctrinae
550 2339 751 2406 christianae
774 2338 977 2428 catholicae,
998 2343 1101 2409 utini·

23 2458 146 2523 micum
171 2456 251 2524 fidei
277 2458 424 2542 divinae,
452 2462 490 2521 nt
516 2459 699 2543 pessimum
725 2460 907 2526 iuventutis
931 2465 1103 2547 corrupto·

24 2595 94 2640 rem
114 2577 301 2644 rectissime
323 2575 512 2642 damnatum
533 2595 613 2642 esse
638 2576 865 2645 Hermesinm:
899 2579 1030 2666 quippe
1051 2580 1102 2667 qni

24 2690 218 2760 simulasset
239 2715 278 2760 se
300 2693 432 2761 tradere
455 2694 639 2761 donuinam
660 2693 872 2761 christianam
894 2695 1102 2779 catholicam,

25 2812 121 2877 cuius
143 2795 357 2878 fundamenta
382 2816 518 2901 penitus
541 2818 723 2896 everteret3
758 2814 817 2899 qui
836 2816 923 2913 tueri
944 2835 989 2882 se
1009 2804 1102 2883 fidem

25 2931 170 2998 divinam
190 2930 370 3014 iactasset,
404 2952 504 3018 quarn
524 2952 634 3020 neque
655 2935 730 3018 ipse
750 2930 892 2999 haberet
911 2934 946 2999 in
967 2940 1103 3021 pectore

25 3055 61 3117 et
80 3051 115 3115 in
136 3046 210 3113 aliis
225 3047 392 3116 'radicitus
413 3048 560 3135 tolleret3
582 3052 640 3137 qui
661 3050 804 3138 denique
825 3071 865 3116 se
887 3049 1012 3117 ducem
1032 3072 1103 3139 pro·

26 3168 141 3234 fessus
162 3166 287 3234 finisset
308 3166 482 3235 smdiosae
503 3169 668 3235 iuventuti
680 3168 724 3234 ad
737 3170 975 3256 perfectiorem
989 3190 1107 3259 super·

22 3284 218 3351 naturalium
244 3305 355 3352 rerum
382 3286 576 3371 scientiam,
613 3307 713 3372 qnam
739 3266 860 3372 reapse
880 3285 1006 3353 nullam
1026 3309 1106 3357 esse
1140 3300 1142 3319 ¹

22 3418 66 3472 ex
94 3405 267 3492 principiis
299 3405 372 3469 suis
404 3423 473 3472 non
504 3411 626 3493 posset
656 3424 723 3469 non
755 3402 938 3491 intelligere
970 3406 1107 3496 sibique

22 3542 222 3609 persuasum
241 3519 375 3587 hahere.
419 3525 469 3590 At
488 3522 675 3609 quomodo,
708 3542 857 3609 quaeso,
885 3521 958 3589 fieri
983 3528 1109 3613 poturit,

21 3643 60 3705 ut
80 3645 208 3707 tantm
230 3640 264 3704 in
285 3640 461 3707 Hermesio
491 3640 656 3707 fallaciam
682 3645 818 3727 tamque
845 3644 1037 3730 captiosum
1057 3646 1109 3713 in-

22 3757 175 3845 quirendi
210 3762 246 3824 et
280 3756 472 3847 disputandi
506 3777 613 3846 genus
648 3757 714 3826 soli
738 3758 908 3828 delatores
940 3760 1109 3848 viderent,

21 3872 307 3943 Reverendissimi
327 3876 505 3967 Episcopi,
527 3898 668 3964 quorum
688 3875 754 3945 suh
776 3875 884 3944 oculis
905 3877 1108 3950 Hermesins

23 3993 157 4079 docuit,
189 4016 258 4063 non
286 3991 462 4064 viderent?
504 3993 553 4064 Et
573 4015 682 4063 nonne
701 3993 768 4063 hoc
794 3997 902 4085 magis
923 3998 1026 4066 etiam
1046 4000 1108 4067 mi·

22 4133 95 4181 rum
115 4117 181 4198 ert,
202 4113 296 4202 quod
317 4111 573 4185 innumerabiles
588 4113 755 4204 discipuli,
776 4115 931 4205 pannis
944 4115 1108 4191 afferrent
