<?xml version="1.0" encoding="UTF-8"?>
<!DOCTYPE html PUBLIC "-//W3C//DTD XHTML 1.0 Transitional//EN"
    "http://www.w3.org/TR/xhtml1/DTD/xhtml1-transitional.dtd">
<html xmlns="http://www.w3.org/1999/xhtml" xml:lang="en" lang="en">
 <head>
  <title>
</title>
<meta http-equiv="Content-Type" content="text/html;charset=utf-8" />
  <meta name='ocr-system' content='tesseract 3.04.00' />
  <meta name='ocr-capabilities' content='ocr_page ocr_carea ocr_par ocr_line ocrx_word'/>
</head>
<body>
  <div class='ocr_page' id='page_1' title='image "actahermesianaq00elvegoog_0136.png"; bbox 0 0 2514 4792; ppageno 0'>
   <div class='ocr_carea' id='block_1_1' title="bbox 563 263 771 331">
    <p class='ocr_par' dir='ltr' id='par_1_1' title="bbox 563 263 771 331">
     <span class='ocr_line' id='line_1_1' title="bbox 563 263 771 331; baseline -0.014 0"><span class='ocrx_word' id='word_1_1' title='bbox 563 263 642 331; x_wconf 84' lang='lat' dir='ltr'><strong>lla</strong></span> <span class='ocrx_word' id='word_1_2' title='bbox 768 298 771 304; x_wconf 92' lang='lat'>·</span> 
     </span>
    </p>
   </div>
   <div class='ocr_carea' id='block_1_2' title="bbox 60 447 1136 538">
    <p class='ocr_par' dir='ltr' id='par_1_2' title="bbox 60 447 1136 538">
     <span class='ocr_line' id='line_1_2' title="bbox 60 447 1136 538; baseline 0.001 -20"><span class='ocrx_word' id='word_1_3' title='bbox 60 448 244 535; x_wconf 86' lang='lat' dir='ltr'><strong>naturalia,</strong></span> <span class='ocrx_word' id='word_1_4' title='bbox 271 449 350 517; x_wconf 89' lang='lat' dir='ltr'><strong>rite</strong></span> <span class='ocrx_word' id='word_1_5' title='bbox 378 447 587 538; x_wconf 86' lang='lat' dir='ltr'><strong>implenda</strong></span> <span class='ocrx_word' id='word_1_6' title='bbox 614 448 742 518; x_wconf 86' lang='lat' dir='ltr'><strong>altioris</strong></span> <span class='ocrx_word' id='word_1_7' title='bbox 768 448 879 517; x_wconf 82' lang='lat' dir='ltr'><strong>auxilii</strong></span> <span class='ocrx_word' id='word_1_8' title='bbox 899 452 1136 519; x_wconf 87' lang='lat' dir='ltr'><strong>necessitatem</strong></span> 
     </span>
    </p>
   </div>
   <div class='ocr_carea' id='block_1_3' title="bbox 52 565 1189 4096">
    <p class='ocr_par' dir='ltr' id='par_1_3' title="bbox 52 565 1189 4096">
     <span class='ocr_line' id='line_1_3' title="bbox 61 565 1135 656; baseline 0.001 -18"><span class='ocrx_word' id='word_1_9' title='bbox 61 572 132 637; x_wconf 91' lang='lat' dir='ltr'><strong>iam</strong></span> <span class='ocrx_word' id='word_1_10' title='bbox 152 586 174 635; x_wconf 86' lang='lat' dir='ltr'><strong>a</strong></span> <span class='ocrx_word' id='word_1_11' title='bbox 194 565 286 635; x_wconf 84' lang='lat' dir='ltr'><strong>sola</strong></span> <span class='ocrx_word' id='word_1_12' title='bbox 314 570 477 635; x_wconf 87' lang='lat' dir='ltr'><strong>ratione</strong></span> <span class='ocrx_word' id='word_1_13' title='bbox 503 567 623 636; x_wconf 88' lang='lat' dir='ltr'><strong>saltem</strong></span> <span class='ocrx_word' id='word_1_14' title='bbox 648 572 687 637; x_wconf 91' lang='lat' dir='ltr'><strong>nt</strong></span> <span class='ocrx_word' id='word_1_15' title='bbox 711 566 1135 656; x_wconf 78' lang='lat' dir='ltr'><strong>relativam&#39;agnoscen·</strong></span> 
     </span>
     <span class='ocr_line' id='line_1_4' title="bbox 60 664 1134 781; baseline 0.001 -26"><span class='ocrx_word' id='word_1_16' title='bbox 60 688 143 755; x_wconf 89' lang='lat' dir='ltr'><strong>dam</strong></span> <span class='ocrx_word' id='word_1_17' title='bbox 163 692 243 755; x_wconf 87' lang='lat' dir='ltr'><strong>esse&#39;</strong></span> <span class='ocrx_word' id='word_1_18' title='bbox 258 682 363 753; x_wconf 79' lang='lat' dir='ltr'><strong>dicit?</strong></span> <span class='ocrx_word' id='word_1_19' title='bbox 385 693 420 754; x_wconf 91' lang='lat' dir='ltr'><strong>et</strong></span> <span class='ocrx_word' id='word_1_20' title='bbox 433 707 541 755; x_wconf 92' lang='lat' dir='ltr'><strong>nonne</strong></span> <span class='ocrx_word' id='word_1_21' title='bbox 554 686 641 756; x_wconf 86' lang='lat' dir='ltr'><strong>hanc</strong></span> <span class='ocrx_word' id='word_1_22' title='bbox 662 688 770 781; x_wconf 80' lang='lat' dir='ltr'><strong>ipsam</strong></span> <span class='ocrx_word' id='word_1_23' title='bbox 791 688 1028 754; x_wconf 86' lang='lat' dir='ltr'><strong>necessitatem</strong></span> <span class='ocrx_word' id='word_1_24' title='bbox 1042 710 1063 753; x_wconf 84' lang='lat' dir='ltr'><strong>a</strong></span> <span class='ocrx_word' id='word_1_25' title='bbox 1077 664 1134 756; x_wconf 66' lang='lat' dir='ltr'><strong>r&#39;e·</strong></span> 
     </span>
     <span class='ocr_line' id='line_1_5' title="bbox 58 799 1133 896; baseline -0.002 -21"><span class='ocrx_word' id='word_1_26' title='bbox 58 805 282 877; x_wconf 85' lang='lat' dir='ltr'><strong>velatione</strong></span> <span class='ocrx_word' id='word_1_27' title='bbox 304 812 344 873; x_wconf 92' lang='lat' dir='ltr'><strong>ut</strong></span> <span class='ocrx_word' id='word_1_28' title='bbox 364 801 600 876; x_wconf 79' lang='lat' dir='ltr'><strong>absolutam</strong></span> <span class='ocrx_word' id='word_1_29' title='bbox 622 808 782 877; x_wconf 87' lang='lat' dir='ltr'><strong>declarari</strong></span> <span class='ocrx_word' id='word_1_30' title='bbox 797 799 957 876; x_wconf 72' lang='lat' dir='ltr'><strong>affimant?</strong></span> <span class='ocrx_word' id='word_1_31' title='bbox 979 806 1133 896; x_wconf 61' lang='lat' dir='ltr'><strong>(paca).</strong></span> 
     </span>
     <span class='ocr_line' id='line_1_6' title="bbox 57 927 1136 1015; baseline 0.002 -22"><span class='ocrx_word' id='word_1_32' title='bbox 57 928 170 1015; x_wconf 75' lang='lat' dir='ltr'><strong>Atqui</strong></span> <span class='ocrx_word' id='word_1_33' title='bbox 191 947 293 1015; x_wconf 88' lang='lat' dir='ltr'><strong>supra</strong></span> <span class='ocrx_word' id='word_1_34' title='bbox 315 927 672 994; x_wconf 82' lang='lat' dir='ltr'><strong>demonstravimusex</strong></span> <span class='ocrx_word' id='word_1_35' title='bbox 686 927 851 995; x_wconf 86' lang='lat' dir='ltr'><strong>Hermesii</strong></span> <span class='ocrx_word' id='word_1_36' title='bbox 870 930 1047 1011; x_wconf 83' lang='lat' dir='ltr'><strong>sententia,</strong></span> <span class='ocrx_word' id='word_1_37' title='bbox 1069 948 1136 995; x_wconf 87' lang='lat' dir='ltr'><strong>non</strong></span> 
     </span>
     <span class='ocr_line' id='line_1_7' title="bbox 58 1044 1133 1132; baseline 0.003 -22"><span class='ocrx_word' id='word_1_38' title='bbox 58 1066 142 1111; x_wconf 87' lang='lat' dir='ltr'><strong>cnm</strong></span> <span class='ocrx_word' id='word_1_39' title='bbox 169 1044 312 1132; x_wconf 89' lang='lat' dir='ltr'><strong>physica</strong></span> <span class='ocrx_word' id='word_1_40' title='bbox 344 1044 408 1111; x_wconf 91' lang='lat' dir='ltr'><strong>sed</strong></span> <span class='ocrx_word' id='word_1_41' title='bbox 439 1066 517 1111; x_wconf 90' lang='lat' dir='ltr'><strong>eum</strong></span> <span class='ocrx_word' id='word_1_42' title='bbox 546 1045 664 1112; x_wconf 88' lang='lat' dir='ltr'><strong>morali</strong></span> <span class='ocrx_word' id='word_1_43' title='bbox 693 1048 917 1127; x_wconf 78' lang='lat' dir='ltr'><strong>necessitate,</strong></span> <span class='ocrx_word' id='word_1_44' title='bbox 948 1046 982 1111; x_wconf 90' lang='lat' dir='ltr'><strong>id</strong></span> <span class='ocrx_word' id='word_1_45' title='bbox 1009 1052 1133 1115; x_wconf 88' lang='lat' dir='ltr'><strong>estex</strong></span> 
     </span>
     <span class='ocr_line' id='line_1_8' title="bbox 58 1162 1133 1251; baseline 0.002 -22"><span class='ocrx_word' id='word_1_46' title='bbox 58 1165 231 1247; x_wconf 77' lang='lat' dir='ltr'><strong>officio,</strong></span> <span class='ocrx_word' id='word_1_47' title='bbox 259 1162 358 1232; x_wconf 87' lang='lat' dir='ltr'><strong>fidem</strong></span> <span class='ocrx_word' id='word_1_48' title='bbox 380 1162 592 1231; x_wconf 80' lang='lat' dir='ltr'><strong>christianam</strong></span> <span class='ocrx_word' id='word_1_49' title='bbox 613 1163 859 1250; x_wconf 82' lang='lat' dir='ltr'><strong>suscipiendam</strong></span> <span class='ocrx_word' id='word_1_50' title='bbox 880 1166 1024 1251; x_wconf 83' lang='lat' dir='ltr'><strong>itemque</strong></span> <span class='ocrx_word' id='word_1_51' title='bbox 1054 1186 1133 1231; x_wconf 91' lang='lat' dir='ltr'><strong>con-</strong></span> 
     </span>
     <span class='ocr_line' id='line_1_9' title="bbox 58 1278 1133 1370; baseline -0.004 -17"><span class='ocrx_word' id='word_1_52' title='bbox 58 1280 262 1353; x_wconf 72' lang='lat' dir='ltr'><strong>servandam</strong></span> <span class='ocrx_word' id='word_1_53' title='bbox 290 1288 327 1351; x_wconf 88' lang='lat' dir='ltr'><strong>et</strong></span> <span class='ocrx_word' id='word_1_54' title='bbox 345 1282 531 1370; x_wconf 83' lang='lat' dir='ltr'><strong>augendam</strong></span> <span class='ocrx_word' id='word_1_55' title='bbox 552 1303 642 1350; x_wconf 87' lang='lat' dir='ltr'><strong>esse.</strong></span> <span class='ocrx_word' id='word_1_56' title='bbox 686 1281 744 1350; x_wconf 84' lang='lat' dir='ltr'><strong>Ex</strong></span> <span class='ocrx_word' id='word_1_57' title='bbox 765 1302 832 1369; x_wconf 89' lang='lat' dir='ltr'><strong>quo</strong></span> <span class='ocrx_word' id='word_1_58' title='bbox 853 1278 901 1364; x_wconf 87' lang='lat' dir='ltr'><strong>fit,</strong></span> <span class='ocrx_word' id='word_1_59' title='bbox 929 1289 967 1349; x_wconf 91' lang='lat' dir='ltr'><strong>ut</strong></span> <span class='ocrx_word' id='word_1_60' title='bbox 994 1282 1133 1350; x_wconf 87' lang='lat' dir='ltr'><strong>Herme-</strong></span> 
     </span>
     <span class='ocr_line' id='line_1_10' title="bbox 58 1376 1133 1490; baseline 0.001 -25"><span class='ocrx_word' id='word_1_61' title='bbox 58 1376 153 1483; x_wconf 65' lang='grc' dir='ltr'><strong>Ιιιίιιι,</strong></span> <span class='ocrx_word' id='word_1_62' title='bbox 182 1400 261 1484; x_wconf 92' lang='lat' dir='ltr'><strong>(nisi</strong></span> <span class='ocrx_word' id='word_1_63' title='bbox 293 1421 410 1468; x_wconf 84' lang='lat' dir='ltr'><strong>secum</strong></span> <span class='ocrx_word' id='word_1_64' title='bbox 441 1402 516 1489; x_wconf 89' lang='lat' dir='ltr'><strong>ipso</strong></span> <span class='ocrx_word' id='word_1_65' title='bbox 545 1406 660 1490; x_wconf 87' lang='lat' dir='ltr'><strong>aperte</strong></span> <span class='ocrx_word' id='word_1_66' title='bbox 687 1404 890 1489; x_wconf 82' lang='lat' dir='ltr'><strong>pugnantem</strong></span> <span class='ocrx_word' id='word_1_67' title='bbox 919 1422 993 1466; x_wconf 89' lang='lat' dir='ltr'><strong>eum</strong></span> <span class='ocrx_word' id='word_1_68' title='bbox 1019 1401 1133 1467; x_wconf 83' lang='lat' dir='ltr'><strong>faeere</strong></span> 
     </span>
     <span class='ocr_line' id='line_1_11' title="bbox 57 1517 1134 1606; baseline -0.003 -20"><span class='ocrx_word' id='word_1_69' title='bbox 57 1518 175 1604; x_wconf 63' lang='lat' dir='ltr'><strong>velim)</strong></span> <span class='ocrx_word' id='word_1_70' title='bbox 195 1521 296 1586; x_wconf 88' lang='lat' dir='ltr'><strong>etiam</strong></span> <span class='ocrx_word' id='word_1_71' title='bbox 316 1525 463 1588; x_wconf 80' lang='lat' dir='ltr'><strong>statuere</strong></span> <span class='ocrx_word' id='word_1_72' title='bbox 486 1520 620 1604; x_wconf 89' lang='lat' dir='ltr'><strong>debeat,</strong></span> <span class='ocrx_word' id='word_1_73' title='bbox 641 1541 684 1587; x_wconf 86' lang='lat' dir='ltr'><strong>ne</strong></span> <span class='ocrx_word' id='word_1_74' title='bbox 699 1520 743 1585; x_wconf 93' lang='lat' dir='ltr'><strong>ad</strong></span> <span class='ocrx_word' id='word_1_75' title='bbox 763 1520 890 1588; x_wconf 91' lang='lat' dir='ltr'><strong>initium</strong></span> <span class='ocrx_word' id='word_1_76' title='bbox 910 1518 1042 1606; x_wconf 90' lang='lat' dir='ltr'><strong>quidem</strong></span> <span class='ocrx_word' id='word_1_77' title='bbox 1057 1517 1134 1585; x_wconf 84' lang='lat' dir='ltr'><strong>fidei</strong></span> 
     </span>
     <span class='ocr_line' id='line_1_12' title="bbox 58 1630 1134 1725; baseline -0.003 -20"><span class='ocrx_word' id='word_1_78' title='bbox 58 1638 228 1705; x_wconf 85' lang='lat' dir='ltr'><strong>hominem</strong></span> <span class='ocrx_word' id='word_1_79' title='bbox 249 1638 354 1706; x_wconf 90' lang='lat' dir='ltr'><strong>solius</strong></span> <span class='ocrx_word' id='word_1_80' title='bbox 375 1639 663 1723; x_wconf 80' lang='lat' dir='ltr'><strong>naturaeviribus</strong></span> <span class='ocrx_word' id='word_1_81' title='bbox 684 1642 797 1725; x_wconf 88' lang='lat' dir='ltr'><strong>aptum</strong></span> <span class='ocrx_word' id='word_1_82' title='bbox 819 1630 916 1719; x_wconf 75' lang='lat' dir='ltr'><strong>e&#39;ssc,</strong></span> <span class='ocrx_word' id='word_1_83' title='bbox 945 1637 1008 1702; x_wconf 89' lang='lat' dir='ltr'><strong>sed</strong></span> <span class='ocrx_word' id='word_1_84' title='bbox 1029 1657 1134 1705; x_wconf 89' lang='lat' dir='ltr'><strong>sensu</strong></span> 
     </span>
     <span class='ocr_line' id='line_1_13' title="bbox 57 1752 1133 1847; baseline 0 -24"><span class='ocrx_word' id='word_1_85' title='bbox 57 1756 217 1823; x_wconf 82' lang='lat' dir='ltr'><strong>absoluto</strong></span> <span class='ocrx_word' id='word_1_86' title='bbox 239 1756 386 1844; x_wconf 82' lang='lat' dir='ltr'><strong>indigere</strong></span> <span class='ocrx_word' id='word_1_87' title='bbox 406 1759 636 1847; x_wconf 89' lang='lat' dir='ltr'><strong>praevenienti</strong></span> <span class='ocrx_word' id='word_1_88' title='bbox 654 1752 915 1844; x_wconf 90' lang='lat' dir='ltr'><strong>supernaturalis</strong></span> <span class='ocrx_word' id='word_1_89' title='bbox 937 1757 1063 1841; x_wconf 81' lang='lat' dir='ltr'><strong>gratiae</strong></span> <span class='ocrx_word' id='word_1_90' title='bbox 1085 1756 1133 1823; x_wconf 88' lang='lat' dir='ltr'><strong>af·</strong></span> 
     </span>
     <span class='ocr_line' id='line_1_14' title="bbox 58 1871 1132 1960; baseline -0.004 -18"><span class='ocrx_word' id='word_1_91' title='bbox 58 1876 152 1942; x_wconf 83' lang='lat' dir='ltr'><strong>datu.</strong></span> <span class='ocrx_word' id='word_1_92' title='bbox 196 1871 350 1943; x_wconf 79' lang='lat' dir='ltr'><strong>Occurrit</strong></span> <span class='ocrx_word' id='word_1_93' title='bbox 370 1875 436 1942; x_wconf 90' lang='lat' dir='ltr'><strong>hoc</strong></span> <span class='ocrx_word' id='word_1_94' title='bbox 456 1875 533 1943; x_wconf 91' lang='lat' dir='ltr'><strong>loco</strong></span> <span class='ocrx_word' id='word_1_95' title='bbox 560 1877 756 1943; x_wconf 88' lang='lat' dir='ltr'><strong>Hermesius</strong></span> <span class='ocrx_word' id='word_1_96' title='bbox 778 1873 995 1960; x_wconf 86' lang='lat' dir='ltr'><strong>gravissimae</strong></span> <span class='ocrx_word' id='word_1_97' title='bbox 1019 1872 1132 1939; x_wconf 84' lang='lat' dir='ltr'><strong>obiec-</strong></span> 
     </span>
     <span class='ocr_line' id='line_1_15' title="bbox 57 1988 1134 2083; baseline -0.004 -22"><span class='ocrx_word' id='word_1_98' title='bbox 57 1997 155 2078; x_wconf 87' lang='lat' dir='ltr'><strong>tioni,</strong></span> <span class='ocrx_word' id='word_1_99' title='bbox 184 2016 335 2082; x_wconf 89' lang='lat' dir='ltr'><strong>eamque,</strong></span> <span class='ocrx_word' id='word_1_100' title='bbox 361 2001 400 2061; x_wconf 92' lang='lat' dir='ltr'><strong>ut</strong></span> <span class='ocrx_word' id='word_1_101' title='bbox 419 1994 499 2060; x_wconf 87' lang='lat' dir='ltr'><strong>mihi</strong></span> <span class='ocrx_word' id='word_1_102' title='bbox 519 1994 654 2083; x_wconf 88' lang='lat' dir='ltr'><strong>quidem</strong></span> <span class='ocrx_word' id='word_1_103' title='bbox 673 1991 820 2073; x_wconf 85' lang='lat' dir='ltr'><strong>videtur,</strong></span> <span class='ocrx_word' id='word_1_104' title='bbox 848 1988 1018 2077; x_wconf 89' lang='lat' dir='ltr'><strong>praeclare</strong></span> <span class='ocrx_word' id='word_1_105' title='bbox 1041 1990 1134 2057; x_wconf 85' lang='lat' dir='ltr'><strong>‹liluit</strong></span> 
     </span>
     <span class='ocr_line' id='line_1_16' title="bbox 57 2108 1133 2201; baseline -0.006 -22"><span class='ocrx_word' id='word_1_106' title='bbox 57 2132 137 2201; x_wconf 83' lang='lat' dir='ltr'><strong>pag.</strong></span> <span class='ocrx_word' id='word_1_107' title='bbox 160 2115 240 2180; x_wconf 72' lang='grc'><strong>[137</strong></span> <span class='ocrx_word' id='word_1_108' title='bbox 261 2113 326 2181; x_wconf 89' lang='lat' dir='ltr'><strong>sub</strong></span> <span class='ocrx_word' id='word_1_109' title='bbox 349 2117 522 2182; x_wconf 84' lang='lat' dir='ltr'><strong>asterisco.</strong></span> <span class='ocrx_word' id='word_1_110' title='bbox 566 2111 700 2179; x_wconf 85' lang='lat' dir='ltr'><strong>Dixerit</strong></span> <span class='ocrx_word' id='word_1_111' title='bbox 727 2112 907 2197; x_wconf 85' lang='lat' dir='ltr'><strong>quispiam:</strong></span> <span class='ocrx_word' id='word_1_112' title='bbox 950 2108 1133 2191; x_wconf 85' lang='lat' dir='ltr'><strong>„Testatur</strong></span> 
     </span>
     <span class='ocr_line' id='line_1_17' title="bbox 57 2229 1189 2325; baseline -0.009 -24"><span class='ocrx_word' id='word_1_113' title='bbox 57 2233 267 2301; x_wconf 79' lang='lat' dir='ltr'><strong>conscientia</strong></span> <span class='ocrx_word' id='word_1_114' title='bbox 294 2233 417 2316; x_wconf 84' lang='lat' dir='ltr'><strong>nostri,</strong></span> <span class='ocrx_word' id='word_1_115' title='bbox 450 2231 561 2298; x_wconf 82' lang='lat' dir='ltr'><strong>idest</strong></span> <span class='ocrx_word' id='word_1_116' title='bbox 587 2250 710 2297; x_wconf 89' lang='lat' dir='ltr'><strong>sensus</strong></span> <span class='ocrx_word' id='word_1_117' title='bbox 736 2229 888 2311; x_wconf 88' lang='lat' dir='ltr'><strong>interior,</strong></span> <span class='ocrx_word' id='word_1_118' title='bbox 920 2248 1047 2314; x_wconf 87' lang='lat' dir='ltr'><strong>posse</strong></span> <span class='ocrx_word' id='word_1_119' title='bbox 1068 2248 1132 2292; x_wconf 90' lang='lat' dir='ltr'><strong>nos</strong></span> <span class='ocrx_word' id='word_1_120' title='bbox 1185 2316 1189 2325; x_wconf 28' lang='grc' dir='ltr'>Ι</span> 
     </span>
     <span class='ocr_line' id='line_1_18' title="bbox 57 2346 1131 2436; baseline -0.006 -19"><span class='ocrx_word' id='word_1_121' title='bbox 57 2350 259 2417; x_wconf 86' lang='lat' dir='ltr'><strong>satisfacere</strong></span> <span class='ocrx_word' id='word_1_122' title='bbox 282 2350 394 2418; x_wconf 86' lang='lat' dir='ltr'><strong>officio</strong></span> <span class='ocrx_word' id='word_1_123' title='bbox 401 2373 411 2434; x_wconf 85' lang='lat'>3</span> <span class='ocrx_word' id='word_1_124' title='bbox 445 2371 524 2436; x_wconf 82' lang='lat' dir='ltr'><strong>erga</strong></span> <span class='ocrx_word' id='word_1_125' title='bbox 544 2348 632 2414; x_wconf 90' lang='lat' dir='ltr'><strong>hanc</strong></span> <span class='ocrx_word' id='word_1_126' title='bbox 653 2348 837 2435; x_wconf 88' lang='lat' dir='ltr'><strong>potentiam</strong></span> <span class='ocrx_word' id='word_1_127' title='bbox 859 2367 880 2411; x_wconf 89' lang='lat' dir='ltr'><strong>a</strong></span> <span class='ocrx_word' id='word_1_128' title='bbox 899 2353 1045 2412; x_wconf 88' lang='lat' dir='ltr'><strong>natura</strong></span> <span class='ocrx_word' id='word_1_129' title='bbox 1074 2346 1131 2412; x_wconf 91' lang='lat' dir='ltr'><strong>ha-</strong></span> 
     </span>
     <span class='ocr_line' id='line_1_19' title="bbox 56 2454 1131 2557; baseline -0.006 -23"><span class='ocrx_word' id='word_1_130' title='bbox 56 2468 196 2552; x_wconf 83' lang='lat' dir='ltr'><strong>bemns,</strong></span> <span class='ocrx_word' id='word_1_131' title='bbox 224 2466 381 2556; x_wconf 87' lang='lat' dir='ltr'><strong>falsoque</strong></span> <span class='ocrx_word' id='word_1_132' title='bbox 409 2454 590 2535; x_wconf 71' lang='lat' dir='ltr'><strong>affirmdtnr</strong></span> <span class='ocrx_word' id='word_1_133' title='bbox 610 2464 767 2557; x_wconf 78' lang='lat' dir='ltr'><strong>absoluta</strong></span> <span class='ocrx_word' id='word_1_134' title='bbox 786 2468 912 2553; x_wconf 84' lang='lat' dir='ltr'><strong>gratiae</strong></span> <span class='ocrx_word' id='word_1_135' title='bbox 935 2471 1131 2551; x_wconf 87' lang='lat' dir='ltr'><strong>supernatu-</strong></span> 
     </span>
     <span class='ocr_line' id='line_1_20' title="bbox 55 2580 1132 2674; baseline -0.01 -18"><span class='ocrx_word' id='word_1_136' title='bbox 55 2586 138 2657; x_wconf 83' lang='lat' dir='ltr'><strong>ralis</strong></span> <span class='ocrx_word' id='word_1_137' title='bbox 159 2584 383 2656; x_wconf 83' lang='lat' dir='ltr'><strong>necessitas.“</strong></span> <span class='ocrx_word' id='word_1_138' title='bbox 425 2584 626 2674; x_wconf 86' lang='lat' dir='ltr'><strong>Respondet</strong></span> <span class='ocrx_word' id='word_1_139' title='bbox 638 2585 852 2652; x_wconf 86' lang='lat' dir='ltr'><strong>Hermesius:</strong></span> <span class='ocrx_word' id='word_1_140' title='bbox 871 2580 1039 2669; x_wconf 78' lang='lat' dir='ltr'><strong>Equidem</strong></span> <span class='ocrx_word' id='word_1_141' title='bbox 1053 2600 1132 2647; x_wconf 90' lang='lat' dir='ltr'><strong>eon-</strong></span> 
     </span>
     <span class='ocr_line' id='line_1_21' title="bbox 54 2688 1132 2793; baseline -0.01 -18"><span class='ocrx_word' id='word_1_142' title='bbox 54 2708 123 2775; x_wconf 88' lang='lat' dir='ltr'><strong>scii</strong></span> <span class='ocrx_word' id='word_1_143' title='bbox 142 2706 243 2773; x_wconf 82' lang='lat' dir='ltr'><strong>nobis</strong></span> <span class='ocrx_word' id='word_1_144' title='bbox 270 2727 386 2774; x_wconf 90' lang='lat' dir='ltr'><strong>sumus</strong></span> <span class='ocrx_word' id='word_1_145' title='bbox 407 2708 442 2771; x_wconf 91' lang='lat' dir='ltr'><strong>in</strong></span> <span class='ocrx_word' id='word_1_146' title='bbox 466 2709 686 2793; x_wconf 84' lang='lat' dir='ltr'><strong>potestate</strong></span> <span class='ocrx_word' id='word_1_147' title='bbox 712 2710 828 2771; x_wconf 89' lang='lat' dir='ltr'><strong>nostra</strong></span> <span class='ocrx_word' id='word_1_148' title='bbox 849 2688 956 2769; x_wconf 48' lang='lat' dir='ltr'><strong>&#39;situm</strong></span> <span class='ocrx_word' id='word_1_149' title='bbox 977 2721 1055 2767; x_wconf 88' lang='lat' dir='ltr'><strong>esse</strong></span> <span class='ocrx_word' id='word_1_150' title='bbox 1078 2720 1132 2765; x_wconf 83' lang='lat' dir='ltr'><strong>sa-</strong></span> 
     </span>
     <span class='ocr_line' id='line_1_22' title="bbox 54 2808 1133 2909; baseline -0.012 -14"><span class='ocrx_word' id='word_1_151' title='bbox 54 2826 218 2895; x_wconf 80' lang='lat' dir='ltr'><strong>tisfacere</strong></span> <span class='ocrx_word' id='word_1_152' title='bbox 240 2823 373 2892; x_wconf 77' lang='lat' dir='ltr'><strong>officio:</strong></span> <span class='ocrx_word' id='word_1_153' title='bbox 394 2831 431 2891; x_wconf 89' lang='lat' dir='ltr'><strong>at</strong></span> <span class='ocrx_word' id='word_1_154' title='bbox 451 2823 560 2893; x_wconf 87' lang='lat' dir='ltr'><strong>unde</strong></span> <span class='ocrx_word' id='word_1_155' title='bbox 582 2825 628 2890; x_wconf 87' lang='lat' dir='ltr'><strong>sit</strong></span> <span class='ocrx_word' id='word_1_156' title='bbox 648 2820 734 2889; x_wconf 87' lang='lat' dir='ltr'><strong>haec</strong></span> <span class='ocrx_word' id='word_1_157' title='bbox 744 2825 822 2909; x_wconf 87' lang='lat' dir='ltr'><strong>ipsa</strong></span> <span class='ocrx_word' id='word_1_158' title='bbox 836 2808 1001 2909; x_wconf 74' lang='lat' dir='ltr'><strong>potestas,</strong></span> <span class='ocrx_word' id='word_1_159' title='bbox 1023 2823 1133 2883; x_wconf 88' lang='lat' dir='ltr'><strong>utrum</strong></span> 
     </span>
     <span class='ocr_line' id='line_1_23' title="bbox 54 2936 1131 3027; baseline -0.009 -16"><span class='ocrx_word' id='word_1_160' title='bbox 54 2968 77 3011; x_wconf 86' lang='lat' dir='ltr'><strong>a</strong></span> <span class='ocrx_word' id='word_1_161' title='bbox 98 2942 206 3011; x_wconf 89' lang='lat' dir='ltr'><strong>solius</strong></span> <span class='ocrx_word' id='word_1_162' title='bbox 227 2948 366 3011; x_wconf 82' lang='lat' dir='ltr'><strong>naturae</strong></span> <span class='ocrx_word' id='word_1_163' title='bbox 387 2940 526 3027; x_wconf 84' lang='lat' dir='ltr'><strong>viribus,</strong></span> <span class='ocrx_word' id='word_1_164' title='bbox 555 2962 599 3007; x_wconf 91' lang='lat' dir='ltr'><strong>an</strong></span> <span class='ocrx_word' id='word_1_165' title='bbox 618 2960 640 3005; x_wconf 88' lang='lat' dir='ltr'><strong>a</strong></span> <span class='ocrx_word' id='word_1_166' title='bbox 659 2939 820 3026; x_wconf 87' lang='lat' dir='ltr'><strong>peculiari</strong></span> <span class='ocrx_word' id='word_1_167' title='bbox 840 2936 984 3025; x_wconf 89' lang='lat' dir='ltr'><strong>quodam</strong></span> <span class='ocrx_word' id='word_1_168' title='bbox 1005 2937 1131 3023; x_wconf 83' lang='lat' dir='ltr'><strong>gratiae</strong></span> 
     </span>
     <span class='ocr_line' id='line_1_24' title="bbox 54 3058 1132 3152; baseline -0.01 -20"><span class='ocrx_word' id='word_1_169' title='bbox 54 3059 320 3152; x_wconf 83' lang='lat' dir='ltr'><strong>snpematurnlis</strong></span> <span class='ocrx_word' id='word_1_170' title='bbox 341 3058 482 3145; x_wconf 86' lang='lat' dir='ltr'><strong>auxilio,</strong></span> <span class='ocrx_word' id='word_1_171' title='bbox 504 3058 579 3127; x_wconf 84' lang='lat' dir='ltr'><strong>lroe</strong></span> <span class='ocrx_word' id='word_1_172' title='bbox 605 3060 736 3127; x_wconf 90' lang='lat' dir='ltr'><strong>minime</strong></span> <span class='ocrx_word' id='word_1_173' title='bbox 761 3062 907 3125; x_wconf 87' lang='lat' dir='ltr'><strong>testatur</strong></span> <span class='ocrx_word' id='word_1_174' title='bbox 932 3075 996 3121; x_wconf 87' lang='lat' dir='ltr'><strong>nec</strong></span> <span class='ocrx_word' id='word_1_175' title='bbox 1016 3060 1132 3142; x_wconf 90' lang='lat' dir='ltr'><strong>potest</strong></span> 
     </span>
     <span class='ocr_line' id='line_1_25' title="bbox 54 3171 1131 3258; baseline -0.008 -9"><span class='ocrx_word' id='word_1_176' title='bbox 54 3181 125 3251; x_wconf 89' lang='lat' dir='ltr'><strong>ullo</strong></span> <span class='ocrx_word' id='word_1_177' title='bbox 146 3179 246 3248; x_wconf 89' lang='lat' dir='ltr'><strong>modo</strong></span> <span class='ocrx_word' id='word_1_178' title='bbox 266 3183 387 3247; x_wconf 89' lang='lat' dir='ltr'><strong>testari</strong></span> <span class='ocrx_word' id='word_1_179' title='bbox 408 3178 615 3246; x_wconf 86' lang='lat' dir='ltr'><strong>conscientia</strong></span> <span class='ocrx_word' id='word_1_180' title='bbox 641 3177 747 3243; x_wconf 89' lang='lat' dir='ltr'><strong>nostri</strong></span> <span class='ocrx_word' id='word_1_181' title='bbox 768 3176 911 3242; x_wconf 86' lang='lat' dir='ltr'><strong>interior.</strong></span> <span class='ocrx_word' id='word_1_182' title='bbox 955 3171 1048 3258; x_wconf 81' lang='lat' dir='ltr'><strong>Ergo</strong></span> <span class='ocrx_word' id='word_1_183' title='bbox 1072 3171 1131 3240; x_wconf 91' lang='lat' dir='ltr'><strong>do-</strong></span> 
     </span>
     <span class='ocr_line' id='line_1_26' title="bbox 54 3289 1182 3389; baseline -0.01 -22"><span class='ocrx_word' id='word_1_184' title='bbox 54 3322 135 3389; x_wconf 85' lang='lat' dir='ltr'><strong>gma</strong></span> <span class='ocrx_word' id='word_1_185' title='bbox 161 3298 344 3366; x_wconf 84' lang='lat' dir='ltr'><strong>revelatum</strong></span> <span class='ocrx_word' id='word_1_186' title='bbox 372 3297 415 3365; x_wconf 89' lang='lat' dir='ltr'><strong>de</strong></span> <span class='ocrx_word' id='word_1_187' title='bbox 443 3293 599 3363; x_wconf 84' lang='lat' dir='ltr'><strong>absoluta</strong></span> <span class='ocrx_word' id='word_1_188' title='bbox 626 3296 752 3382; x_wconf 79' lang='lat' dir='ltr'><strong>gratiae</strong></span> <span class='ocrx_word' id='word_1_189' title='bbox 785 3289 1046 3379; x_wconf 88' lang='lat' dir='ltr'><strong>supernaturalis</strong></span> <span class='ocrx_word' id='word_1_190' title='bbox 1072 3312 1131 3359; x_wconf 89' lang='lat' dir='ltr'><strong>ne·</strong></span> <span class='ocrx_word' id='word_1_191' title='bbox 1179 3306 1182 3311; x_wconf 74' lang='grc'>’</span> 
     </span>
     <span class='ocr_line' id='line_1_27' title="bbox 55 3396 1131 3504; baseline -0.014 -17"><span class='ocrx_word' id='word_1_192' title='bbox 55 3414 221 3487; x_wconf 84' lang='lat' dir='ltr'><strong>cessitate</strong></span> <span class='ocrx_word' id='word_1_193' title='bbox 243 3417 286 3483; x_wconf 91' lang='lat' dir='ltr'><strong>ad</strong></span> <span class='ocrx_word' id='word_1_194' title='bbox 307 3416 395 3483; x_wconf 86' lang='lat' dir='ltr'><strong>illam</strong></span> <span class='ocrx_word' id='word_1_195' title='bbox 415 3417 599 3504; x_wconf 87' lang='lat' dir='ltr'><strong>potentiam</strong></span> <span class='ocrx_word' id='word_1_196' title='bbox 620 3396 783 3480; x_wconf 75' lang='lat' dir='ltr'><strong>uoluntati</strong></span> <span class='ocrx_word' id='word_1_197' title='bbox 803 3415 938 3477; x_wconf 86' lang='lat' dir='ltr'><strong>nostrae</strong></span> <span class='ocrx_word' id='word_1_198' title='bbox 955 3407 1131 3474; x_wconf 89' lang='lat' dir='ltr'><strong>concilian-</strong></span> 
     </span>
     <span class='ocr_line' id='line_1_28' title="bbox 54 3526 1131 3627; baseline -0.009 -22"><span class='ocrx_word' id='word_1_199' title='bbox 54 3539 136 3605; x_wconf 88' lang='lat' dir='ltr'><strong>dam</strong></span> <span class='ocrx_word' id='word_1_200' title='bbox 164 3534 423 3622; x_wconf 80' lang='lat' dir='ltr'><strong>haudquaquam</strong></span> <span class='ocrx_word' id='word_1_201' title='bbox 448 3539 576 3627; x_wconf 82' lang='lat' dir='ltr'><strong>pugnat</strong></span> <span class='ocrx_word' id='word_1_202' title='bbox 604 3552 680 3598; x_wconf 89' lang='lat' dir='ltr'><strong>cum</strong></span> <span class='ocrx_word' id='word_1_203' title='bbox 707 3533 849 3597; x_wconf 88' lang='lat' dir='ltr'><strong>veritate</strong></span> <span class='ocrx_word' id='word_1_204' title='bbox 876 3526 1033 3613; x_wconf 88' lang='lat' dir='ltr'><strong>naturali,</strong></span> <span class='ocrx_word' id='word_1_205' title='bbox 1064 3526 1131 3595; x_wconf 86' lang='lat' dir='ltr'><strong>lroc</strong></span> 
     </span>
     <span class='ocr_line' id='line_1_29' title="bbox 55 3628 1132 3749; baseline -0.009 -25"><span class='ocrx_word' id='word_1_206' title='bbox 55 3662 115 3724; x_wconf 86' lang='lat' dir='ltr'><strong>est</strong></span> <span class='ocrx_word' id='word_1_207' title='bbox 137 3676 214 3721; x_wconf 88' lang='lat' dir='ltr'><strong>cnm</strong></span> <span class='ocrx_word' id='word_1_208' title='bbox 234 3676 289 3738; x_wconf 90' lang='lat' dir='ltr'><strong>eo,</strong></span> <span class='ocrx_word' id='word_1_209' title='bbox 312 3657 410 3720; x_wconf 89' lang='lat' dir='ltr'><strong>euius</strong></span> <span class='ocrx_word' id='word_1_210' title='bbox 433 3653 562 3721; x_wconf 89' lang='lat' dir='ltr'><strong>conscii</strong></span> <span class='ocrx_word' id='word_1_211' title='bbox 583 3650 682 3718; x_wconf 91' lang='lat' dir='ltr'><strong>nobis</strong></span> <span class='ocrx_word' id='word_1_212' title='bbox 703 3628 830 3732; x_wconf 85' lang='lat' dir='ltr'><strong>sumus,</strong></span> <span class='ocrx_word' id='word_1_213' title='bbox 853 3647 1011 3735; x_wconf 90' lang='lat' dir='ltr'><strong>quodque</strong></span> <span class='ocrx_word' id='word_1_214' title='bbox 1033 3648 1132 3749; x_wconf 74' lang='lat' dir='ltr'><strong>unice</strong></span> 
     </span>
     <span class='ocr_line' id='line_1_30' title="bbox 52 3762 1167 3858; baseline -0.013 -13"><span class='ocrx_word' id='word_1_215' title='bbox 52 3778 177 3845; x_wconf 83' lang='lat' dir='ltr'><strong>testari</strong></span> <span class='ocrx_word' id='word_1_216' title='bbox 198 3770 405 3840; x_wconf 81' lang='lat' dir='ltr'><strong>conscientia</strong></span> <span class='ocrx_word' id='word_1_217' title='bbox 431 3772 538 3837; x_wconf 83' lang='lat' dir='ltr'><strong>nostri</strong></span> <span class='ocrx_word' id='word_1_218' title='bbox 564 3774 688 3858; x_wconf 80' lang='lat' dir='ltr'><strong>potest.</strong></span> <span class='ocrx_word' id='word_1_219' title='bbox 731 3764 879 3835; x_wconf 87' lang='lat' dir='ltr'><strong>Accedit</strong></span> <span class='ocrx_word' id='word_1_220' title='bbox 905 3770 1016 3832; x_wconf 89' lang='lat' dir='ltr'><strong>autem</strong></span> <span class='ocrx_word' id='word_1_221' title='bbox 1043 3762 1133 3831; x_wconf 86' lang='lat' dir='ltr'><strong>aliud</strong></span> <span class='ocrx_word' id='word_1_222' title='bbox 1163 3789 1167 3809; x_wconf 75' lang='lat'><strong>¹</strong></span> 
     </span>
     <span class='ocr_line' id='line_1_31' title="bbox 54 3882 1131 3982; baseline -0.011 -21"><span class='ocrx_word' id='word_1_223' title='bbox 54 3896 189 3982; x_wconf 82' lang='lat' dir='ltr'><strong>dogma,</strong></span> <span class='ocrx_word' id='word_1_224' title='bbox 218 3914 262 3957; x_wconf 85' lang='lat' dir='ltr'><strong>ex</strong></span> <span class='ocrx_word' id='word_1_225' title='bbox 283 3912 350 3978; x_wconf 89' lang='lat' dir='ltr'><strong>quo</strong></span> <span class='ocrx_word' id='word_1_226' title='bbox 377 3889 579 3977; x_wconf 85' lang='lat' dir='ltr'><strong>intelligitur,</strong></span> <span class='ocrx_word' id='word_1_227' title='bbox 609 3886 775 3975; x_wconf 88' lang='lat' dir='ltr'><strong>quomodo</strong></span> <span class='ocrx_word' id='word_1_228' title='bbox 796 3885 865 3969; x_wconf 86' lang='lat' dir='ltr'><strong>fiat,</strong></span> <span class='ocrx_word' id='word_1_229' title='bbox 894 3891 932 3951; x_wconf 92' lang='lat' dir='ltr'><strong>ut</strong></span> <span class='ocrx_word' id='word_1_230' title='bbox 952 3882 1029 3950; x_wconf 90' lang='lat' dir='ltr'><strong>talis</strong></span> <span class='ocrx_word' id='word_1_231' title='bbox 1052 3903 1131 3949; x_wconf 93' lang='lat' dir='ltr'><strong>con·</strong></span> 
     </span>
     <span class='ocr_line' id='line_1_32' title="bbox 53 4000 1131 4096; baseline -0.012 -15"><span class='ocrx_word' id='word_1_232' title='bbox 53 4014 216 4093; x_wconf 85' lang='lat' dir='ltr'><strong>scientia,</strong></span> <span class='ocrx_word' id='word_1_233' title='bbox 245 4012 417 4096; x_wconf 84' lang='lat' dir='ltr'><strong>pertinens</strong></span> <span class='ocrx_word' id='word_1_234' title='bbox 445 4009 488 4074; x_wconf 89' lang='lat' dir='ltr'><strong>ad</strong></span> <span class='ocrx_word' id='word_1_235' title='bbox 519 4012 776 4094; x_wconf 89' lang='lat' dir='ltr'><strong>potestatem</strong></span> <span class='ocrx_word' id='word_1_236' title='bbox 802 4002 1031 4073; x_wconf 87' lang='lat' dir='ltr'><strong>satisfaciendi</strong></span> <span class='ocrx_word' id='word_1_237' title='bbox 1059 4000 1131 4069; x_wconf 88' lang='lat' dir='ltr'><strong>offi-</strong></span> 
     </span>
    </p>
   </div>
   <div class='ocr_carea' id='block_1_4' title="bbox 55 4120 1132 4307">
    <p class='ocr_par' dir='ltr' id='par_1_4' title="bbox 55 4120 1132 4307">
     <span class='ocr_line' id='line_1_33' title="bbox 55 4120 1132 4216; baseline -0.012 -17"><span class='ocrx_word' id='word_1_238' title='bbox 55 4132 131 4216; x_wconf 89' lang='lat' dir='ltr'><strong>eio,</strong></span> <span class='ocrx_word' id='word_1_239' title='bbox 166 4125 265 4198; x_wconf 87' lang='lat' dir='ltr'><strong>nobis</strong></span> <span class='ocrx_word' id='word_1_240' title='bbox 299 4125 451 4194; x_wconf 86' lang='lat' dir='ltr'><strong>insideat</strong></span> <span class='ocrx_word' id='word_1_241' title='bbox 480 4120 482 4124; x_wconf 65' lang='grc'>’</span> <span class='ocrx_word' id='word_1_242' title='bbox 509 4126 597 4192; x_wconf 87' lang='lat' dir='ltr'><strong>Nam</strong></span> <span class='ocrx_word' id='word_1_243' title='bbox 629 4123 786 4193; x_wconf 88' lang='lat' dir='ltr'><strong>revelatio</strong></span> <span class='ocrx_word' id='word_1_244' title='bbox 820 4127 994 4213; x_wconf 89' lang='lat' dir='ltr'><strong>praeterea</strong></span> <span class='ocrx_word' id='word_1_245' title='bbox 1030 4121 1132 4189; x_wconf 90' lang='lat' dir='ltr'><strong>docet</strong></span> 
     </span>
     <span class='ocr_line' id='line_1_34' title="bbox 902 4245 928 4307; baseline 0 0"><span class='ocrx_word' id='word_1_246' title='bbox 902 4245 928 4307; x_wconf 81' lang='grc'>8</span> 
     </span>
    </p>
   </div>
   <div class='ocr_carea' id='block_1_5' title="bbox 0 0 1262 4792">
    <p class='ocr_par' dir='ltr' id='par_1_5' title="bbox 0 0 1262 4792">
     <span class='ocr_line' id='line_1_35' title="bbox 0 0 1262 4792; baseline 0 1"><span class='ocrx_word' id='word_1_247' title='bbox 0 0 1262 4792; x_wconf 95' lang='lat' dir='ltr'><strong> </strong></span> 
     </span>
    </p>
   </div>
  </div>
 </body>
</html>
