2514 4792
538 280 616 345 lon

38 465 212 547 subsidio,
234 470 272 531 ut
293 462 412 531 saltem
431 465 457 531 ii
477 483 610 549 omnes,
636 466 697 553 qui
715 465 896 535 audiebant
916 467 1111 555 Apostoloo‚

34 585 171 651 omnino
198 589 292 648 recta
323 584 472 649 veritatis
501 580 694 650 salutiferae
726 588 871 651 scientia
899 585 1001 652 imbui
1030 609 1111 674 pos-

28 709 126 786 sent,
148 705 576 789 acciperentquenormum
596 723 638 769 ac
658 701 780 790 legem,
801 706 857 769 cui
878 706 1113 772 convenienter

23 823 192 893 ¹viventes
218 822 347 887 ratione
374 820 571 907 dignissim
597 821 642 889 ad
670 821 815 889 amntem
841 812 1011 890 aeternam
1036 844 1112 911 per·
1233 797 1235 803 Ι

25 938 248 1007 ducerentur.
291 941 348 1006 An
373 939 524 1006 dicamus
544 941 767 1026 posteriorum
792 946 940 1007 aetatum
961 942 1111 1009 homines

18 1048 146 1123 'murus
174 1077 273 1123 caros
301 1059 408 1125 luisoe
435 1063 472 1125 et
492 1079 572 1126 esse
599 1059 689 1126 Jesu
710 1057 845 1126 Christo
866 1078 909 1125 ac
929 1058 1030 1128 Deol
1071 1057 1112 1127 Id

25 1175 92 1261 val
124 1150 276 1262 cogitem
301 1177 399 1243 nelos
415 1182 492 1245 'est
544 1178 600 1245 An
628 1183 813 1265 propagata
840 1196 903 1265 per
926 1175 1112 1263 Apostolos

26 1298 95 1359 aut
117 1295 221 1361 etiam
239 1292 360 1361 litteris
382 1296 580 1383 consignata
601 1295 753 1364 doctrina
774 1294 955 1363 rontano
975 1294 1019 1360 ad
1033 1316 1112 1361 eun·

22 1412 122 1481 dem.
140 1410 235 1479 illum
248 1411 503 1481 ¹linem-:minuo
532 1417 767 1483 necessarium
792 1413 861 1481 ullo
882 1418 1031 1499 tempore
1051 1413 1115 1479 fuit
1147 1476 1151 1489 ,

25 1529 280 1599 ·et'lrodicdum
300 1537 356 1599 est
381 1529 439 1599 vel
469 1531 559 1599 idem
577 1531 643 1601 vel·
663 1533 770 1601 nunde
790 1530 1113 1620 supernaturale
1190 1540 1193 1545 '

33 1633 251 1721 subsidium?
271 1647 441 1737 Equidem
461 1649 497 1716 id
515 1648 604 1716 nullo
626 1650 726 1718 modo
747 1657 896 1739 apparet
938 1651 1115 1719 Accedere

28 1767 241 1837 uariabant
261 1766 306 1834 ad
325 1786 446 1835 sacros
467 1766 623 1851 codices,
654 1789 794 1856 quorum
820 1770 1034 1854 interpretem
1053 1790 1112 1835 vo-

28 1886 109 1953 lunt
136 1892 217 1953 aare
248 1883 363 1953 solam.
387 1886 556 1953 rationem.
576 1882 761 1951 humanam.
808 1887 861 1953 At
887 1887 1027 1972 primum
1056 1890 1113 1953 in·

37 2004 159 2071 docti
172 2009 233 2073 nrt
250 2003 477 2072 semidocti
497 1999 719 2087 hominespsi
733 2023 797 2070 suo
813 2004 962 2091 ipsorum
981 2007 1113 2090 ingenio

31 2120 263 2189 fied-tumor
276 2121 443 2189 {codicem
457 2119 661 2205 evolverint,
692 2142 803 2189 nonne
828 2121 988 2210 plurimos
1008 2124 1112 2189 maxi-

28 2240 179 2328 mosque·
204 2235 575 2325 errorcs'suseipientl
616 2237 797 2305 Fateomur
817 2260 898 2325 crgo
918 2245 978 2307 aut
996 2238 1113 2309 horum

27 2356 138 2425 sulufi
153 2361 283 2425 ratione
302 2359 506 2444 dignissimo
525 2355 766 2442 adipiscendae
793 2378 910 2444 parum
929 2378 1011 2425 esse
1034 2379 1112 2425 con-

22 2474 170 2561 'animm
190 2481 251 2543 aut
271 2477 433 2545 divinitus
451 2476 638 2543 institutam
658 2477 1113 2565 esseouctoritatemexter-

29 2598 120 2678 airu,
142 2596 199 2661 cui
218 2593 455 2663 tuto-credere
468 2592 516 2660 illi
529 2599 565 2660 et
577 2591 721 2661 antehac
733 2597 906 2682 potuerint·
917 2600 954 2663 et
965 2594 1011 2665 ad
1022 2593 1112 2664 hunc

27 2732 144 2801 usquc
162 2712 265 2781 'diem
292 2714 435 2800 possint.
479 2704 724 2797 ,3lndoctorum
752 2719 813 2780 aut
841 2713 1111 2799 semidoctorom,

26 2832 210 2919 inquiunt,
235 2836 295 2899 cst:
316 2831 432 2899 audire
459 2832 630 2916 doctos,
660 2830 843 2899 litterarum
872 2831 1035 2899 subsidiis
1061 2835 1110 2899 in-

27 2956 185 3019 structos
200 2948 245 3016 ad
258 2956 387 3017 rectam
406 2970 579 3019 sacrorum
600 2948 753 3017 codicum
774 2951 1110 3037 interpretationem.“

25 3064 144 3151 Quid?
176 3070 261 3134 siin
282 3068 347 3134 hoc
369 3088 492 3154 genere
513 3064 567 3134 vel
589 3065 775 3132 doctissimi
795 3065 945 3133 homiues
966 3068 1110 3135 iustissi-

23 3208 106 3257 mas
134 3208 258 3255 causas
284 3185 429 3270 habent,
458 3206 518 3254 cur
543 3185 616 3251 suis
642 3182 770 3251 viribus
797 3206 998 3272 magnopere
1025 3182 1110 3251 diffi-

25 3301 139 3405 dantl
165 3304 215 3374 Et
235 3306 390 3393 profecto
411 3304 599 3372 huiusmodi
614 3324 738 3371 causae
752 3308 888 3391 praesto
903 3307 1002 3389 sunt,
1031 3284 1111 3369 Non

24 3426 122 3495 enfin
149 3422 204 3491 hic
228 3426 343 3510 agitor
362 3422 413 3515 idc
439 3442 506 3491 uno
534 3421 683 3493 alterove
712 3426 840 3489 tautum
869 3420 959 3511 Jesu
987 3418 1124 3487 Christi-

21 3544 133 3613 effato
155 3547 214 3608 aut
234 3544 386 3609 instituto
414 3541 500 3607 sads
523 3540 670 3608 evidenti
690 3540 861 3624 omnibus,
891 3541 948 3626 qui
976 3541 1107 3626 ingenio

19 3638 98 3757 ndo
127 3658 243 3727 hebeti
274 3667 427 3744 utuntur,
463 3658 527 3728 sed
556 3644 599 3727 de
631 3664 719 3725 tota
749 3657 975 3745 multisque
1006 3678 1108 3725 com·

17 3782 159 3875 plexa
177 3778 377 3868 partibus
398 3780 642 3846 oeconomia
662 3776 802 3845 diviua
823 3774 1020 3860 salutari3
1041 3796 1108 3842 non

16 3902 84 3971 hic'
99 3901 209 3986 agitur
231 3896 274 3964 de
294 3897 436 3962 humana
458 3896 609 3962 doctrina
622 3897 814 3991 -ssmmetsi
833 3894 889 3962 vel
910 3897 944 3960 in
964 3893 1106 3961 humana

14 4000 169 4115 aliqua‚'
190 4023 229 4086 ut
254 4013 421 4099 Platonis,
455 4014 605 4111 doctrina
632 4013 878 4103 interpretanda
905 4020 1104 4109 permagnae

15 4158 136 4225 saepe
149 4134 608 4209 eruditorumdissensioncs
624 4138 709 4219 sunt
728 4168 785 4231 -7
804 4116 873 4199 sed·
889 4132 932 4199 dc
945 4153 1002 4197 -su
1008 4154 1030 4216 p
1041 4152 1099 4196 er·
1233 4146 1235 4159 ·
