2514 4792
634 156 646 191 i

539 294 617 360 Μ

69 492 238 564 impurare
267 480 453 547 sententias
473 478 518 547 ad
545 476 779 566 explorandam
799 477 898 546 fidem
919 481 1048 570 ubique
1063 486 1112 550 vi-

69 585 175 664 ntem
190 601 226 663 et
239 595 358 663 sedulo
380 595 555 666 consulere
576 598 686 664 fontes
709 555 882 667 doctridae
902 598 1120 686 christianae,'

69 715 210 784 illud
199 712 327 805 rpsurn,·
343 714 434 802 quod
454 738 535 785 vere
556 718 713 787 nuditum
727 723 832 803 essct,
854 721 1115 789 constitueretur

69 851 78 892 ι
104 836 212 924 palam
232 834 336 902 fieret.

123 947 286 1044 Exposui·
307 954 378 1022 fere
406 955 517 1044 capita
537 960 574 1022 et
598 953 797 1022 lineamenta
823 948 1114 1025 demonstrationis
1242 1002 1247 1015 ,

69 1076 294 1158 ermesianae,
332 1094 376 1141 ex
397 1062 470 1161 'qua
498 1072 686 1142 efficiuntur
712 1072 776 1140 hae
801 1076 1012 1161 potissimruu
1036 1098 1114 1166 pro·

69 1195 244 1260 ositiones:
274 1194 502 1259 oeconomiam
529 1190 709 1259 salutarem
731 1213 752 1258 a
774 1190 907 1261 Christo
929 1182 1114 1265 institutam

95 1316 312 1400 propagatam
330 1330 396 1398 per
415 1308 601 1398 Apostolos
622 1312 745 1378 virtute
767 1308 915 1397 Spiritus
929 1315 1040 1380 saneti
1053 1316 1111 1381 im·

69 1438 140 1500 utos
163 1434 331 1497 aeternam
350 1429 440 1523 ιΐοιιις
463 1426 628 1514 ὀιιιιιὶειιι,
644 1426 933 1518 quemadmodum
955 1426 998 1509 ab
1018 1432 1112 1499 initio

69 1556 167 1638 tegra
187 1532 286 1645 irritp-
301 1550 353 1615 sic
379 1547 604 1615 moderatione
627 1548 925 1617 divinancontiuuo
952 1551 1115 1638 integram

69 1671 203 1736 ausisse
225 1671 261 1732 et
282 1686 362 1733 esse
382 1686 571 1735 mansuram
592 1682 703 1755 usque.
728 1665 773 1734 ad
799 1662 1115 1737 consummationem

69 1787 280 1871 recrdorum3'
298 1783 449 1852 voluisse
476 1786 599 1855 Jesum
626 1783 810 1871 Christum,
842 1789 941 1854 utin
968 1787 1115 1856 ecclesia

69 1932 105 1975 ra
125 1911 289 1994 perpetuo
312 1909 444 1970 extaret
463 1886 711 1990 Magisteriunr‚
739 1903 830 1992 quod
849 1905 1006 1972 traditam
1033 1906 1113 1973 doc-

69 2029 163 2093 inam
172 2026 241 2100 eine
254 2021 385 2088 errandi
397 2021 546 2129 periculo
562 2038 729 2133 exponere
744 2027 779 2090 et
793 2021 963 2091 declarare
977 2028 1112 2112 posset3

69 2141 254 2212 atholicam
270 2124 451 2208 ecclesiam
472 2161 560 2209 esse
572 2163 686 2209 veram
707 2140 886 2209 ecclesiam
900 2141 1114 2211 christianam

89 2259 331 2350 apostolicam
362 2259 450 2327 rurus
471 2261 571 2348 igitur
591 2279 711 2328 vocem
731 2259 775 2327 ab
802 2258 956 2327 omnibus
977 2261 1113 2330 andien-

69 2405 113 2471 m
135 2402 233 2463 esse,
259 2392 370 2467 neque
391 2374 493 2447 licere
514 2376 581 2446 ullo
602 2383 705 2468 paeto
734 2378 768 2453 in
791 2375 942 2470 doctrina
963 2376 1112 2475 salutari,

69 2523 138 2569 nm
159 2505 199 2565 ut
223 2498 379 2565 traditam
399 2486 443 2565 ad
471 2497 674 2568 credendum
699 2490 865 2585 proponat
890 2497 1036 2564 ecclesia
1057 2519 1113 2565 ca·

69 2619 164 2690 ulica
175 2663 186 2702 ,
213 2617 396 2705 quidquam
422 2636 548 2683 novare
568 2613 656 2684 velle
677 2611 738 2681 aut
760 2614 913 2683 addendo
933 2620 991 2683 airt
1011 2617 1114 2685 minu·

69 2741 136 2808 do.
180 2736 277 2803 Haec
298 2724 388 2818 erint,
411 2755 498 2822 quae
519 2734 717 2833 Hermesius
730 2736 764 2801 in
773 2733 1036 2802 introductionis
1049 2737 1114 2803 Po·
1185 2788 1188 2795 .

69 2862 161 2925 ivae
173 2855 275 2921 Parte
285 2852 337 2936 11„
358 2853 502 2920 nondum
524 2856 617 2940 typis
639 2835 815 2938 expressa,
839 2855 976 2940 copioso
992 2861 1027 2921 et
1041 2877 1115 2921 eru·

69 2981 107 3043 te
129 2974 366 3060 pertractavit3
386 2970 472 3037 haec
494 2976 584 3054 sunt,
606 2992 693 3056 quae
715 2973 750 3037 iu
763 2969 947 3056 'i'heologia
966 2971 1113 3058 Dogma-

69 3117 108 3163 ta
129 3091 256 3179 ubique
278 3092 390 3173 sumit,
411 3110 478 3155 non
499 3109 574 3154 raro
598 3091 697 3155 etiam
716 3090 904 3155 revocatio
916 3090 1113 3156 memoriam.

69 3216 224 3299 rupterea
244 3229 312 3275 nou
339 3207 448 3274 solum
470 3226 514 3273 ex
535 3209 643 3273 sacris
672 3205 847 3289 codicibus
875 3211 911 3272 et
936 3207 1114 3305 traditione

69 3335 199 3420 »gnata
215 3327 401 3421 christiana
421 3324 640 3414 prohatpeed
661 3327 772 3410 etium,
798 3323 858 3391 ubi
880 3316 1015 3392 occasio
1036 3325 1112 3411 fert,

69 3450 241 3537 repissime
269 3443 414 3514 consulit
436 3441 585 3512 Consilia
607 3449 642 3511 et
663 3443 830 3511 ecclesiae
859 3428 1112 3529 declarationes,

69 3587 195 3656 enrque
216 3571 284 3633 taur
305 3570 453 3633 remotus
476 3567 530 3645 est
543 3562 588 3630 ab
603 3564 691 3630 omni
711 3561 823 3629 studio
843 3561 1016 3630 novandae
1034 3561 1114 3629 doc-

69 3689 147 3753 inac
167 3685 327 3770 traditae,
360 3689 398 3753 ut
418 3681 497 3751 nihil
516 3683 678 3771 profecto,
697 3683 803 3768 maglo
825 3681 973 3749 aversari
992 3683 1113 3769 possit

68 3807 103 3872 ic
124 3803 242 3872 Theoi.
264 3804 385 3892 Dogm.
407 3804 445 3870 P.
459 3801 485 3868 1.
506 3822 583 3890 pag.
606 3804 658 3868 88
681 3800 806 3868 diserte
828 3820 900 3884 eos,
922 3801 981 3887 qui
999 3798 1113 3866 huius-

69 3922 133 3990 rodi
173 3916 372 3990 novationes
415 3924 606 4005 sectantur,
632 3917 702 3986 tus
736 3916 850 3985 verbis
887 3914 1113 4005 reprehendit:

69 4039 237 4111 Christum
258 4041 374 4108 dicunt
392 4040 523 4107 minime
544 4041 731 4126 perfecisse
746 4038 928 4105 doctrinam
942 4056 1037 4104 suam
1051 4034 1114 4102 sed

69 4148 224 4228 rchoasse
244 4165 391 4243 tantum3
420 4163 569 4228 nostrum
591 4176 670 4225 esse
692 4178 766 4226 eam
787 4154 926 4242 amplius
948 4152 1111 4222 excolere.
1220 4212 1221 4217 ,
