2596 4778
673 308 753 373 12⁸

174 484 223 563 tio
244 492 410 561 recusare
428 510 495 557 non
522 496 637 578 potest
665 488 753 557 illam
780 490 859 558 fidei
880 493 1122 576 assensionem,
1153 496 1252 559 cuius

168 614 331 681 'viomnia
346 608 524 692 credimus,
546 611 677 677 etiamsi
689 606 1036 698 incomprehensibilia
1057 614 1138 697 sint,
1159 635 1252 701 quae

172 731 271 801 Deus
291 727 390 798 nobis
410 729 588 816 patefecit,
615 735 651 797 et
672 750 746 797 sam
773 730 882 817 ipsam
903 718 959 796 oo'
975 750 1113 797 causam
1140 732 1252 799 credi-

172 871 260 935 mus,
280 849 360 939 quia
379 848 552 936 patefecit,
577 853 737 938 totosque
764 870 830 916 nos
850 848 927 917 Deo
949 852 1110 936 tanquam
1129 844 1251 915 infalli-

45 1006 60 1017 ··
175 967 446 1035 hili-auctoritati
466 966 635 1035 uadimus.
678 967 755 1036 Hoc
775 968 875 1037 modo
896 969 1002 1035 oritrrr
1020 965 1107 1035 fides
1123 967 1253 1052 divina,

178 1090 273 1154 recte
299 1084 435 1172 quidem
459 1088 506 1153 ita
532 1085 699 1155 nominata
720 1108 742 1154 a
761 1089 896 1155 motivo.
946 1083 1033 1154 Vide
1061 1084 1252 1173 simplicem

171 1210 208 1273 et
226 1200 353 1279 insnum
374 1202 533 1288 ordinem,
563 1225 630 1293 quo
653 1188 750 1272 nunus
786 1204 946 1273 credendi
976 1209 1075 1273 actus
1106 1201 1250 1271 alterum

170 1325 308 1411 exeipit,
338 1343 451 1410 neque
479 1326 658 1413 quisquam
686 1326 868 1414 quidquam
894 1326 930 1391 in
949 1323 1017 1393 hoc
1037 1321 1153 1391 ordine
1171 1344 1250 1388 mu-

166 1450 242 1513 tare
272 1448 332 1511 aut
361 1445 528 1510 invertere
563 1449 695 1531 potest,
733 1440 1010 1533 quemadmodum
1039 1443 1251 1509 Bautaeuius

83 1632 85 1638 ,
167 1562 329 1651 multique
348 1562 547 1629 nosnutium
557 1562 721 1645 mearum,
741 1562 807 1627 nisi
826 1559 923 1648 leges
938 1561 1107 1649 cogitandi
1121 1566 1159 1629 et
1173 1580 1250 1627 cre-

168 1682 281 1767 dandi,
303 1680 428 1771 quidum
449 1676 788 1747 mentem-humanam
809 1679 1005 1749 adstrictam
1031 1701 1112 1749 esse
1138 1679 1252 1747 voluit

166 1800 275 1883 Deus,
311 1798 473 1866 radicitus
494 1794 600 1882 tollnt',
634 1805 736 1887 atquc
762 1797 832 1866 'hoe
862 1798 961 1867 modo
993 1802 1082 1867 viam
1113 1819 1250 1866 omnem

35 1978 38 1983 .
167 1917 368 2008 praecludat
387 1910 476 1984 insta
503 1920 636 1987 ratione
656 1910 878 2007 perveniendi
898 1916 942 1985 ad
962 1916 1062 1987 fidem
1082 1938 1249 2005 superna·

156 2036 305 2157 ‘toralem
336 2035 488 2105 divinam
527 2060 540 2081 ··
699 2078 704 2087 ·
794 2078 798 2085 ·

251 2152 342 2224 Sunt
364 2163 475 2223 autem
497 2156 652 2245 dogmata
673 2176 695 2224 a
716 2156 804 2226 Jesu
826 2154 962 2225 christo
981 2156 1158 2246 proposita
1178 2174 1249 2221 non

25 2288 28 2293 ⁴
163 2276 262 2342 unius
290 2276 508 2363 eiusdemque
534 2278 677 2363 generis.
720 2275 798 2346 Atia
821 2294 926 2366 pura
951 2282 1050 2345 reete·
1065 2266 1248 2357 vocantur,

117 2462 120 2470 ,
162 2392 227 2461 alia
257 2394 434 2480 mixtat).
477 2390 619 2462 Omnino
650 2398 877 2485 utriusque
909 2399 1045 2486 generis
1074 2396 1248 2481 dogmata,

161 2513 286 2597 quippe
315 2509 465 2578 revelata
486 2534 507 2577 a
527 2514 626 2596 Deo,
661 2515 813 2582 nituntur
847 2502 1013 2583 infallibili
1041 2516 1259 2581 auctoritate

162 2626 288 2711 divina,
326 2633 362 2695 et
382 2636 523 2718 propter
557 2636 770 2730 externum
805 2628 871 2699 loc
907 2637 1137 2721 argumentum
1170 2633 1249 2700 sine

160 2744 227 2813 ulla
248 2747 472 2816 haesitatione
492 2754 565 2815 rata
584 2748 863 2819 haban-dehent.
901 2752 940 2819 ln
952 2754 996 2819 ils
1009 2758 1133 2835 tamem
1155 2772 1249 2841 quae

160 2865 289 2932 mixta
318 2872 416 2952 sunt,
446 2870 544 2935 etiam
572 2870 793 2937 internum
810 2877 1059 2952 argumentum,
1093 2890 1138 2956 ox
1166 2866 1248 2952 ipsa

22 3002 28 3014 ·
159 2982 286 3048 radone
307 2985 451 3053 humana
472 2978 676 3075 petendum,
697 2980 842 3068 obtinet3
875 2981 999 3071 alioqui
1026 2983 1114 3050 enim
1135 2984 1246 3050 mixta

160 3120 240 3167 esse
266 3121 333 3170 non
353 3110 506 3193 possent
539 3101 683 3187 ‘Quodsi
710 3104 787 3189 quis
808 3108 960 3189 qaraerat,
990 3122 1099 3170 annon
1120 3122 1246 3189 snper-

159 3216 224 3283 tloa
254 3220 395 3291 istorum
426 3222 560 3311 quidem
587 3215 784 3310 'dogmatum
815 3219 974 3287 revelatio
1006 3217 1151 3315 dicenda
1182 3223 1245 3303 sit,

158 3336 314 3405 facillima
335 3343 512 3427 responsio
534 3348 599 3409 esi.
642 3342 786 3407 Primum
808 3341 895 3407 enim
915 3337 1042 3407 indocti
1062 3339 1245 3425 minusque

159 3455 292 3524 subacti
312 3461 436 3545 ingenii
456 3458 609 3526 homines
636 3459 724 3526 bene
750 3456 872 3525 multas
893 3461 1065 3539 veritates,
1099 3476 1245 3543 qtrarom

160 3577 307 3660 cognitio
342 3599 404 3666 per
440 3600 479 3645 se
515 3580 649 3666 quidem
684 3584 779 3666 patet
811 3579 930 3645 rationi
962 3576 1145 3659 humanae,
1181 3584 1245 3645 unt

159 3696 290 3759 omnino
312 3714 378 3760 non
399 3704 543 3764 autnon
565 3701 652 3764 satis
678 3698 859 3785 perspicue
887 3697 1038 3782 satisque
1066 3701 1164 3763 certo
1191 3699 1245 3765 in·

158 3809 317 3896 tellignnt.
371 3813 503 3882 Deinde
534 3818 632 3882 etiam
665 3816 768 3899 docti,
800 3816 953 3902 quamvis
985 3812 1162 3899 diligenter
1192 3819 1247 3883 in-

158 3930 306 4015 quirant,
337 3931 392 3997 vol
414 3934 448 3998 in
463 3935 511 4023 ‚iis
534 3932 648 4018 rebus,
671 3955 757 4021 quae
780 3933 823 4000 ad
844 3934 951 4001 forum
974 3933 1111 4001 rationis
1135 3938 1244 4023 perti·

160 4092 365 4107 m

191 4188 211 4252 ⁰)
229 4167 300 4239 Vide
317 4187 351 4239 de
368 4185 420 4240 loe
439 4188 594 4243 discrimine
611 4208 673 4262 pag.
692 4188 732 4243 eit
750 4208 776 4248 s.
803 4216 808 4225 ·
896 4222 899 4227 ·
