2514 4792
492 290 545 361 lo

75 497 150 547 rens
171 480 409 566 cognovisset,
424 474 519 548 haud
539 475 641 546 duhlo
660 482 800 549 summis
820 475 975 551 laudibus
995 496 1054 554 cx·

75 594 161 663 udum
188 596 383 667 iudicasset
431 596 653 685 Nunquamne
678 616 719 667 so
737 598 893 670 hheravit
915 602 1055 671 Herme-

75 736 95 783 e
114 715 247 804 laqueis
267 711 508 802 Scepticismii
527 714 738 802 uunqrrumne
758 690 800 785 co
820 722 930 804 veuit,
950 725 991 787 ut
1010 719 1056 789 dc

75 838 120 901 rte
140 830 384 921 supernaturali
404 839 506 920 atque
527 833 638 901 divion
664 856 727 922 per
745 834 867 903 Jesom
887 835 1056 907 Christum

75 952 168 1021 rihus
186 953 359 1040 patefacta
380 958 495 1020 certus
514 948 632 1021 hereti
668 952 721 1021 ltu
739 974 821 1022 vero
855 974 925 1023 non
942 951 1055 1025 solum

75 1090 122 1139 ue
146 1068 356 1139 miserandus
381 1068 481 1137 homo
508 1071 587 1154 furit,
619 1070 685 1139 scd
711 1072 811 1139 etium
829 1074 1056 1160 turpissimus,

100 1208 149 1258 ex
172 1186 290 1261 nunde
317 1190 354 1253 et
371 1187 546 1255 mendacio
569 1188 742 1257 conhutus
783 1190 1000 1260 Revocemus
1019 1194 1056 1259 in

75 1308 185 1392 udam,
203 1325 290 1394 quae
310 1305 466 1393 leguntur
485 1306 520 1370 iu
539 1304 749 1375 Pmefadoue
771 1308 814 1374 ad
834 1306 1055 1377 Introductio-

81 1422 351 1513 Philosuphicam
376 1442 453 1511 pag.
476 1420 537 1489 xl„
580 1420 766 1510 Postquam
792 1427 880 1493 cuim
907 1448 949 1495 so
973 1426 1056 1499 ado·

75 1547 167 1611 utem
184 1543 220 1611 iu
239 1543 401 1609 maximas
423 1540 465 1609 de
486 1539 581 1623 Deo,
609 1538 652 1607 de
672 1542 744 1609 vita
763 1547 918 1628 aeterua,
939 1544 985 1614 de
1002 1568 1057 1616 re·

75 1662 147 1731 mne
168 1660 281 1739 divium
302 1658 529 1727 dubitationes
555 1658 716 1729 moidisse
737 1661 869 1731 siucero
890 1666 1000 1733 auimo
1021 1670 1058 1734 et

75 1778 191 1849 hiliter
209 1778 386 1866 professus
408 1781 475 1860 cst,
505 1779 678 1866 totamque
700 1781 866 1849 enarravit
895 1785 1058 1851 rationem

75 1915 166 1967 urum
183 1914 332 1979 suorum,
355 1916 442 1983 quae
464 1912 506 1962 eo
527 1894 763 1983 dirigebantur,
788 1902 828 1965 ut
848 1919 982 1969 vacuus
997 1900 1057 1969 tie·

95 2010 361 2083 dubitationibus
389 2030 519 2081 omnem
545 2014 645 2081 animi
668 2010 938 2100 tranquillitatem
959 2018 1057 2105 cripi-

75 2128 233 2216 us,·haec
245 2130 352 2201 verba
373 2130 537 2216 adiungit:
559 2128 725 2215 „Perveni
744 2133 916 2219 itaque-
928 2136 1057 2221 gmtiae

75 2256 128 2329 tur
138 2248 213 2333 Deo
230 2271 318 2335 meo,
340 2272 440 2337 quem
453 2246 580 2317 invenit
594 2284 638 2299 -—
651 2246 780 2318 adeam
793 2253 1056 2339 persuasionem,

75 2392 85 2439 ι
109 2368 340 2439 ardentissime
362 2368 520 2456 optabam
546 2373 583 2436 et
603 2368 825 2455 ,quaerebant
857 2384 1057 2458 persuasum

75 2508 192 2577 ufossc
211 2482 340 2572 Deum3
373 2506 572 2575 persuasum
598 2486 709 2555 habeo
734 2509 788 2555 me
814 2508 948 2577 semper
968 2492 1057 2560 lurtu-

78 2609 118 2689 et
140 2608 307 2675 victurum
342 2624 437 2690 esse3
471 2626 670 2693 persuasum
702 2605 811 2675 haheo
845 2608 1058 2678 christianam
1106 2638 1110 2644 ¹

75 2723 314 2795 mamalum
345 2722 549 2811 patefactam
581 2729 616 2793 et
643 2724 841 2792 catholicam
874 2727 1058 2797 doctrinam

96 2839 311 2913 christianam
342 2862 432 2909 csse.
480 2842 666 2931 Propterea
693 2844 794 2910 etiam
818 2849 892 2912 toto
918 2853 1058 2935 pectore

75 2968 107 3031 to
128 2996 172 3013 ·-
198 2965 234 3028 et
260 2958 339 3048 quis
374 2939 504 3044 essem,
536 2959 569 3026 si
589 2980 657 3026 noo
689 2959 906 3048 exoptarem?
932 2986 993 3048 -·-,
1018 2968 1059 3033 ot

75 3100 100 3149 s
118 3076 270 3162 homines
292 3078 431 3147 eandem
452 3078 703 3165 persuasionem
722 3077 921 3166 suscipiant,⁵
942 3086 981 3148 ot
1001 3102 1058 3149 ea·

78 3194 155 3283 ude,
169 3166 353 3284 eademlpue
374 3215 437 3284 spe
457 3214 588 3263 mecum
608 3193 804 3263 uniantur-in
812 3195 1059 3270 uuoDcoetin

75 3312 225 3385 atholica
240 3310 540 3396 ecclesialiliillci,
561 3312 696 3381 Domini
709 3311 816 3381 nostri
825 3312 913 3381 kun
923 3312 1057 3384 Christi.

75 3452 182 3525 uquam
210 3437 321 3501 autem
347 3432 414 3501 lroc
438 3450 549 3500 meum
576 3436 727 3519 optatum
751 3448 795 3498 ex
816 3430 930 3498 intimo
955 3430 1058 3501 corde

86 3552 281 3640 laetitiaque
301 3570 406 3631 mens,
416 3571 492 3617 mea
502 3545 631 3617 exultat
649 3548 839 3616 istiusmodi
852 3548 1058 3618 coniunctio-

80 3672 225 3739 om'uium
247 3672 420 3757 cogitamur
437 3672 549 3735 tamen
562 3668 597 3735 in
610 3686 664 3748 eo,
685 3666 744 3753 qui
762 3684 852 3732 nunc
873 3668 938 3749 est,
959 3666 1059 3759 hujus

75 3791 226 3859 motionis
248 3787 385 3856 defectu
405 3786 503 3872 longe
524 3782 625 3851 abest
645 3804 733 3851 arne
755 3783 861 3851 omnis
882 3782 1058 3852 intoleran-

75 3910 211 3977 dversus
233 3905 329 3975 aliter·
350 3906 545 3987 sentientes,
567 3902 763 3991 praesertim
783 3897 861 3968 talis
882 3898 1058 3970 intoleran-

75 4025 197 4115 palem
218 4029 334 4093 contra
357 4020 550 4090 eutharicus
578 4027 613 4087 et
633 4018 699 4087 hoc
719 4023 756 4087 et
776 4020 950 4104 superiore
972 4038 1058 4085 auno

75 4144 167 4215 multi
186 4144 458 4226 Protestantium,
479 4159 581 4228 quum
594 4138 719 4207 festum
732 4134 906 4204 saemdme
920 4137 1058 4205 iactam·

800 4252 828 4318 2
841 4251 858 4286 u.
