2514 4792
549 312 604 381 ³⁰

75 496 207 577 tinae,
227 514 317 581 qaas
337 493 411 561 sola
433 499 516 563 ratio
537 505 653 565 nostra
675 499 775 567 ducit'
789 520 832 567 ex
853 500 1112 589 proprietatibus

75 614 171 699 sinis,
191 614 347 701 quamvis
366 613 620 684 verisimillimae
633 616 821 702 videantur,
842 625 955 685 tamen
977 621 1112 687 certita-

75 734 115 799 'ne
137 734 264 813 ament,
285 750 397 819 neque
417 752 481 799 noa
503 755 577 800 eam
597 734 779 802 divinitatis
800 756 988 805 mensuram
1008 736 1112 806 hahe-

75 870 123 933 ιιι,
142 854 183 917 ut
202 870 225 917 a
244 850 358 937 priori,
385 850 466 937 qnid
488 846 609 918 cadat
628 853 664 919 ia
682 853 828 938 Deum,
855 852 922 919 hoe
944 859 1009 938 est,
1031 854 1113 942 quid
1154 830 1158 837 ¹

75 964 262 1051 astulont
292 988 397 1034 sensu
427 970 615 1057 positivo
647 971 754 1058 ipsius
784 958 1012 1057 perfectiones
1045 993 1115 1039 nan

75 1081 150 1150 lum
168 1083 274 1171 gradu
295 1084 358 1153 sed
380 1087 479 1153 etiam
499 1084 661 1174 qualitate
682 1086 873 1155 differentes
895 1111 916 1156 a
935 1089 1098 1176 perfectio

75 1200 140 1269 hus
160 1204 282 1271 mentis
308 1201 471 1269 humanae
493 1203 643 1271 similiter
665 1207 917 1294 cognominatis,
940 1212 1034 1275 certa
1054 1228 1113 1274 no·

75 1338 98 1385 s
122 1340 330 1407 cognoscere
359 1319 505 1408 liceati).
556 1318 773 1404 aaronita
801 1329 871 1407 est,
904 1326 1035 1392 omnino
1056 1345 1115 1391 ne-

75 1458 147 1505 esse
168 1443 230 1522 est,
250 1445 289 1506 nt
310 1438 354 1504 ad
375 1441 536 1507 internam
556 1439 645 1508 illam
665 1444 904 1529 praestantiam
925 1444 991 1513 etsi
1010 1443 1115 1508 maxi·

76 1576 130 1623 am
156 1556 320 1625 accedant
345 1557 434 1643 alia,¹
460 1580 600 1647 qaorum
624 1566 718 1629 tanta
739 1563 792 1628 vis
815 1563 877 1647 sit,
906 1567 944 1628 ut
963 1582 1031 1629 non
1050 1563 1116 1627 iam

75 1676 161 1761 roni
180 1680 310 1743 tantum
332 1679 436 1743 simus
467 1678 511 1744 ad
532 1678 681 1747 altiorem
713 1680 884 1749 doctrinae
899 1696 902 1703 '
916 1678 1117 1747 christianae

75 1804 247 1823 *ιι-

76 1881 98 1947 “)
123 1876 225 1931 Confer
240 1877 374 1930 Hermesii
392 1879 541 1936 Introduct.
558 1881 660 1935 Philas.
677 1880 747 1951 §.⁷3
764 1880 815 1933 suh
832 1899 908 1936 num.
923 1879 955 1936 l.
972 1883 1118 1951 -ltaque

126 1964 286 2016 llermesius
303 1965 331 2014 in
349 1963 399 2015 hoc
418 1972 579 2034 genere,'nt
596 1969 665 2019 solet
682 1967 835 2017 cautissime
853 1984 947 2035 agere,
964 1966 1052 2017 minas
1069 1968 1117 2017 tri·

125 2048 191 2101 huit
205 2047 307 2099 viribus
329 2047 469 2110 humanis,
488 2069 568 2120 quam
585 2053 634 2103 alii
657 2057 763 2102 nostres
785 2050 882 2102 estatis
905 2048 1052 2116 Theologi‚
1070 2050 1119 2117 qai

131 2133 224 2185 nucia
238 2152 290 2203 qno
307 2134 365 2187 iure
383 2136 438 2187 sihi
454 2136 592 2188 vindicant
607 2155 684 2189 verae
702 2134 851 2187 divinitatis
868 2151 1020 2185 mensuram
1037 2149 1118 2183 sensa

132 2216 299 2285 positivo,
317 2218 416 2288 quique
434 2220 484 2272 hac
497 2219 763 2280 adhibitamensura,
781 2220 917 2271 mittentes
934 2217 1119 2269 testimonium

133 2300 202 2353 «lesa
218 2300 316 2353 Christi
334 2307 367 2355 de
385 2323 434 2356 sua
451 2306 594 2366 missione,
617 2308 752 2358 mittentes
771 2306 847 2373 signa
864 2310 891 2377 et
907 2300 1042 2372 prodigia,
1060 2300 1118 2369 qui·

107 2385 182 2443 dm
194 2394 219 2439 ἰ.
235 2387 329 2441 Petrus
350 2390 495 2460 Apostolus
520 2397 625 2442 tantum
646 2393 734 2444 inesse
751 2390 899 2442 arbitratur
916 2387 988 2452 (Aet.
1006 2384 1037 2446 9,
1055 2383 1118 2452 99),

126 2473 205 2525 sacili
232 2476 341 2542 negatio
360 2482 388 2526 et
409 2476 567 2527 brevissima
591 2477 634 2527 via
659 2475 712 2528 sihi
728 2476 854 2529 videatur
870 2473 1036 2527 divinitatem
1052 2471 1120 2523 desa

127 2558 230 2611 Christi
254 2565 282 2610 et
300 2560 438 2611 doetrinae
461 2561 495 2612 eh
514 2581 546 2614 eo
562 2566 717 2633 propositae
735 2567 807 2614 certa
831 2559 998 2629 cognovisse.
1033 2557 1119 2626 Atque

125 2642 179 2695 hoc
197 2662 229 2696 ex
245 2661 278 2695 eo
303 2651 360 2703 est,
392 2648 465 2714 quad
483 2666 497 2698 e
515 2647 681 2699 nostratibus
699 2647 768 2700 hena
786 2648 865 2702 multi
883 2646 961 2697 etiam
979 2640 1120 2715 Theologls

127 2731 250 2798 quamvis
268 2729 410 2781 abhorrere
428 2748 456 2781 se
474 2733 565 2785 dicant
582 2753 598 2784 a
616 2731 797 2792 Pantheismo,
815 2739 904 2782 tamen
921 2744 1012 2779 resera
1031 2725 1119 2778 Philo·

124 2813 250 2884 sophiam
273 2819 411 2866 sectentur
432 2817 494 2885 plus
511 2819 602 2870 minus
619 2817 789 2869 Pantheismo
812 2817 951 2869 inlectam.
987 2813 1071 2872 Deus,
1090 2819 1121 2862 at

124 2899 176 2950 isti
193 2899 303 2968 quidem
322 2905 453 2961 statuunt,
476 2919 530 2952 non
547 2905 768 2954 extramundanus
786 2902 834 2953 sed
848 2916 922 2951 mere
938 2898 1122 2951 inmutanda-

124 3000 179 3034 nus
197 2991 255 3046 est3
273 3002 328 3036 non
345 2985 381 3035 ad
400 2986 603 3040 similitudinem
620 2989 663 3040 sui
681 3003 715 3039 ex
728 2985 815 3037 nihilo
832 2985 935 3037 amarit
950 2988 1054 3035 mentes
1070 2981 1119 3032 hn-

127 3085 238 3128 mnas,
258 3071 306 3121 sed
321 3088 396 3124 meas
415 3070 542 3133 hnmana,
566 3074 591 3123 si
607 3073 636 3123 in
653 3073 806 3124 universum
831 3069 1015 3122 consideratur
1032 3065 1124 3137 quaed

129 3153 362 3208 substantiam
380 3158 436 3209 sive
454 3159 637 3211 essentiam
655 3173 741 3220 suam,
760 3159 826 3220 (uon
842 3153 1036 3223 madianaea,
1054 3167 1124 3220 qnae

128 3242 160 3291 in
184 3239 332 3293 individuis
353 3242 461 3297 infinito
485 3259 596 3315 numera
625 3242 743 3294 existunt
763 3245 790 3291 et
815 3239 944 3291 continno
968 3232 1123 3305 labentum)

127 3325 190 3393 ipsa
214 3331 323 3375 aeterna
347 3332 404 3403 est,
429 3345 516 3396 neque
539 3327 631 3380 differt
647 3343 664 3377 a
681 3324 835 3378 substantia
856 3325 912 3376 sive
930 3320 1046 3373 essentie
1062 3319 1125 3372 Dei.

130 3408 192 3462 Hae
209 3410 314 3479 posito,
340 3408 519 3480 proprietates
535 3411 589 3485 llei-
603 3429 619 3461 a
636 3412 735 3465 mentis
754 3409 885 3463 humanae
901 3403 1124 3478 proprietatibus,

129 3495 224 3563 quales
242 3495 271 3544 in
288 3495 437 3548 individuis
455 3496 613 3546 manifestae
630 3487 716 3557 finnt*
730 3494 805 3546 salo
823 3495 927 3563 gradu
944 3491 1053 3544 differre
1064 3506 1127 3560 pas-

129 3584 206 3638 sunt,
225 3596 279 3630 non
296 3579 357 3649 ipsa
374 3583 453 3632 etiam
473 3580 652 3648 qualitate
671 3582 727 3632 sire
745 3579 906 3631 essentia,
934 3577 1028 3645 ltaqus
1045 3576 1129 3627 iidem

131 3663 264 3732 Theologi
282 3658 343 3715 ¹non
368 3667 552 3717 inconstantes
578 3672 656 3726 sunt,
683 3667 707 3716 si
731 3663 783 3715 sihi
808 3663 932 3735 videntur
953 3681 1012 3716 esse
1035 3663 1129 3733 parri

132 3748 208 3808 Dii,
227 3751 452 3820 contendantque
471 3767 502 3800 eo
521 3749 612 3815 valere
628 3751 759 3802 rationem
776 3747 934 3811 humanam,
957 3755 989 3801 ut
1005 3765 1055 3800 sno
1072 3754 1130 3798 tan-

133 3840 192 3884 tum
210 3835 279 3903 pede
303 3834 394 3885 divina
412 3826 500 3886 metiri
522 3836 699 3904 inprimisque
723 3834 890 3887 divinitatem
907 3833 1044 3886 doctrinae
1062 3832 1131 3884 chri-

136 3920 240 3971 stianae
265 3921 366 3970 ‹lirecte
385 3938 407 3970 s.
424 3920 576 3972 immediate
598 3920 750 3988 intelligere
775 3927 866 3989 queat,
891 3937 978 3988 raeque
994 3934 1132 3970 necessum

137 4003 238 4054 habeat
255 4005 308 4053 alia
327 4006 533 4075 circumspicere
552 4010 717 4073 arqumentm
743 4006 841 4073 quihus
864 3996 920 4056 rite
933 4005 1083 4056 adducatur
1100 4003 1134 4052 nd

140 4092 371 4158 supernaturalem
391 4098 417 4145 et
434 4092 551 4142 divinam
583 4090 696 4141 huiusce
720 4091 858 4142 doctrinae
880 4089 1009 4158 originem
1027 4087 1135 4140 creden·

147 4174 216 4227 dam.
253 4175 349 4228 Totum
368 4178 441 4229 istud
459 4178 538 4247 plana
556 4180 650 4228 eontra
668 4174 794 4229 sehabet
811 4177 883 4245 apud
900 4173 1076 4228 llcrnrssiuaa.
