2514 4792
662 169 690 231 a

137 365 248 431 lectos
262 366 293 426 in
305 360 412 445 ipsius
427 332 594 421 ecclesiae
617 349 802 418 catholicae
824 351 947 457 gremio
969 346 1215 433 perniciosissi-

138 500 212 546 mae
235 475 422 545 discordiae
445 475 639 540 excitentur.

225 564 364 664 Sedatis
394 586 669 659 commotionibus
704 585 802 651 rediit
834 586 937 653 menti
963 603 1061 650 meae
1097 578 1217 689 delibe-¹

115 711 236 779 ·randi
256 674 298 779 ac
326 708 493 774 iudicandi
520 706 673 772 facultas.
722 701 856 781 Nihilne
876 702 1133 785 Hennesianis,
1169 694 1219 785 qui
1256 743 1257 750 ι

141 832 274 897 sincero
297 827 404 892 animo
426 828 574 911 totisque
595 820 723 888 viribus
738 818 917 886 ecclesiam
933 818 1139 886 catholicam
1152 825 1217 884 tue·
1255 835 1257 914 ι

141 947 278 1024 bantur,
304 949 385 1030 post
411 947 586 1029 acceptam
614 938 742 1005 cladem
770 937 879 1005 bonae
902 939 1155 1025 expectationis
1174 957 1218 1001 rc-

143 1058 323 1151 linquitur?
345 1081 388 1126 an
409 1060 584 1146 profligato
607 1054 727 1121 abhinc
750 1060 786 1120 et
808 1054 987 1143 desperato
1009 1058 1125 1122 animo
1149 1077 1220 1123 esse

144 1164 292 1257 debent?
327 1176 685 1271 nihilne-,eissssperare
713 1173 794 1269 litet
814 1197 835 1241 a
856 1173 1075 1251 sanctissimi
1103 1175 1222 1257 Patris,

143 1299 200 1367 cui
225 1298 355 1362 summa
379 1295 505 1379 pietate
532 1300 568 1361 et
596 1293 773 1360 devotione
800 1292 926 1360 addicti
951 1300 1050 1377 sunt,
1083 1294 1224 1380 probata

91 1431 95 1438 ’
144 1415 326 1504 sapientia,
359 1412 501 1494 iustitia,
527 1406 759 1499 providentia?
795 1409 904 1497 qualis
931 1412 1068 1478 tandem
1090 1419 1226 1486 verast

146 1533 391 1615 circumspecto
407 1526 534 1596 iudicio
557 1533 673 1616 aperta
695 1529 743 1594 rei
764 1527 910 1601 conditio
933 1524 1010 1595 est?
1045 1531 1132 1618 quid
1152 1555 1226 1619 prn-

146 1649 260 1729 dentia
281 1646 413 1729 suadet,
436 1652 561 1731 utres,
583 1666 669 1733 quae
690 1648 802 1713 iacere
822 1643 965 1727 videtur,
987 1645 1100 1716 denuo
1123 1653 1226 1737 eriga.

145 1772 202 1832 tur
231 1766 265 1829 in
292 1762 436 1829 salutem
469 1761 635 1831 ecelesiae
663 1758 872 1831 catholicae?
920 1763 1017 1830 Haec
1046 1772 1085 1834 et
1109 1770 1225 1836 similia

146 1904 248 1971 quum
273 1885 396 1949 iterum
422 1883 607 1979 iterumque
633 1900 765 1947 mecum
790 1878 1040 1969 pervolverem,
1067 1885 1223 1974 plurimae

145 2001 337 2068 inciderunt
358 2000 602 2087 cogitationes,
623 2020 712 2087 quae
736 2020 892 2086 magnum
911 2001 946 2066 in
966 2023 1003 2068 re
1024 2002 1148 2071 atllicta
1166 2027 1221 2083 so·

143 2100 267 2186 'latium
287 2119 451 2186 afferrent
497 2114 584 2199 Quia
604 2116 752 2205 impedit,
780 2119 955 2203 quominus
977 2125 1166 2211 suscipiam
1183 2127 1228 2211 id,

147 2220 240 2325 quod
262 2236 453 2321 gratissima
469 2237 707 2322 Praeceptoris
729 2238 856 2322 egregii
880 2241 1039 2306 memoria
1060 2243 1230 2330 admonet,

29 2348 31 2355 '
148 2338 192 2433 ad
224 2350 314 2436 quod
343 2353 561 2439 gravissimae
589 2354 890 2453 sanctissimaeque
917 2359 966 2425 rei
991 2358 1141 2428 studium
1171 2366 1231 2431 im·

148 2454 253 2557 pellit,
274 2476 313 2535 ut
333 2466 519 2534 Vobiscum
540 2466 710 2551 omnibuS,
737 2474 796 2558 qui
823 2477 933 2561 sparsi
951 2498 1013 2565 per
1033 2483 1144 2565 totam
1164 2483 1232 2551 Bo·

149 2576 302 2687 russiam·
312 2564 463 2671 aliasque
487 2582 682 2652 Germaniae
703 2596 819 2672 partos
845 2592 901 2659 vel
928 2594 1135 2665 auditores
1122 2605 1233 2689 1psius

149 2674 321 2777 llennesii.
345 2693 458 2767 fuistis
486 2699 679 2790 vultrmrqus
711 2709 775 2773 viri
801 2730 928 2777 summa
954 2720 1145 2785 reverentia
1173 2720 1233 2787 ad·

150 2792 325 2917 spexistis,
346 2816 401 2886 vel
423 2817 595 2908 discipulis
616 2820 783 2892 Hermesii
802 2834 1079 2921 praeceptoribus
1099 2841 1159 2904 usi
1177 2858 1233 2904 es·

109 2938 112 2944 '
150 2934 214 3018 tis,
249 2933 305 3002 ιιι
339 2924 482 3029 denique
510 2936 576 3005 ullo
604 2940 704 3007 modo
736 2965 780 3010 ex
807 2945 901 3045 libris
930 2951 1002 3036 ejus
1029 2953 1234 3024 uberrimum

151 3048 296 3119 fructum
316 3059 535 3144 percepistis,
564 3060 785 3145 cogitationes
806 3036 842 3130 et
870 3086 973 3133 sensa
999 3092 1074 3139 mea
1093 3074 1234 3161 publica

151 3154 334 3233 litterarum
368 3160 603 3267 testificatione
640 3181 901 3249 communicem?
954 3185 1037 3257 Seio
1075 3182 1234 3280 equidem

151 3278 224 3387 Vde
247 3284 364 3357 eadem
385 3292 544 3377 cogitare,
567 3291 686 3362 eadem
704 3301 841 3384 sentire,
864 3304 981 3372 eadem
1002 3330 1138 3395 sperare
1162 3337 1233 3383 me-

152 3380 244 3487 cum3
280 3392 343 3470 s'ed
364 3408 560 3495 amicorum,
582 3412 699 3499 quales
720 3418 792 3487 Vos
814 3441 949 3515 numero
971 3446 1105 3517 omnes,
1128 3453 1234 3519 quum

152 3516 338 3585 communia
365 3524 473 3591 omnia
500 3529 583 3612 sint,
610 3532 666 3598 vel
691 3533 755 3601 hac
782 3559 848 3605 una
870 3538 912 3608 de
934 3565 1039 3611 eausa
1059 3545 1211 3637 licebit
1200 3576 1235 3621 ιιι

153 3641 317 3704 communi
339 3614 526 3712 calamitate
547 3649 694 3720 intimum
712 3662 836 3743 pectus
855 3681 965 3755 meum
988 3685 1100 3733 coram
1120 3668 1235 3739 Vobis

152 3751 341 3865 escutere.

237 3864 375 3971 Summa
395 3872 448 3940 litt
435 3881 576 3965 terarum
590 3870 872 3984 Apostolicorum,
893 3866 980 3995 quae
1002 3901 1100 3970 huius
1120 3909 1235 3996 scrip

152 3985 251 4117 ιιοιιιι
273 4007 388 4091 ansam
399 3982 589 4115 dedorunt,
610 4000 779 4113 baect
724 4015 794 4091 est·
