2514 4792
499 200 504 213 ’
616 228 698 299 ιιι

121 426 276 497 orrruilms
310 420 498 489 hominibus
531 424 649 486 natura
678 438 742 485 sua
767 414 902 483 infirmis
938 410 1108 479 divinitus
1144 401 1209 473 dari

123 546 263 632 gratiam
285 540 599 623 sufficientem,
620 557 740 625 nempe
762 532 987 603 sufficientem
1008 527 1156 609 adhoc,
1176 531 1207 590 nt

125 664 298 749 possint
317 681 378 747 per
398 658 539 727 liberum
553 652 732 727 arbitrium
740 650 868 743 eligere
889 651 1049 735 honesta,
1070 644 1208 735 implere

123 780 237 863 efficia
258 775 456 857 et'salutcm
477 804 572 853 suam
597 768 740 870 operari.
783 770 878 867 Eut,
838 787 963 865 *pet
987 768 1079 841 lianc
1103 769 1210 859 ipsam

44 964 50 972 .
127 913 267 1001 gratiam
288 907 527 989 sufficientem,
556 924 657 991 quam
677 898 775 967 Deus
801 916 863 985 pro
890 891 1130 963 misericordia
1152 906 1209 955 sua

128 1030 249 1101 nemini
269 1048 336 1093 non
355 1023 504 1111 largitur,
526 1040 672 1091 necesse
694 1024 751 1086 est
772 1014 873 1099 effici,
893 1018 933 1079 nt
953 1004 1010 1079 illa
1030 1004 1208 1077 eonscien-

129 1150 178 1216 tia
203 1164 299 1214 nemo
329 1163 443 1210 carere
471 1145 582 1229 queat
639 1130 691 1205 lta
717 1126 889 1224 praeclare
919 1132 1029 1215 omnia
1054 1130 1150 1197 inter
1175 1147 1210 1195 se

132 1271 358 1333 consentanea
379 1266 470 1343 sunt,
493 1265 528 1326 et
541 1259 674 1353 ⁸veritas
695 1252 856 1337 naturalis
870 1272 916 1333 (tx,
934 1270 1042 1319 sensu
1062 1246 1211 1325 interiori

15 1440 18 1445 .
129 1384 253 1452 hausta
290 1381 518 1470 plenissimam
544 1376 653 1444 lucem
685 1374 814 1461 accipit
842 1372 974 1441 demum
1003 1390 1026 1449 a
1052 1368 1211 1455 dogmate
1244 1468 1250 1475 Ι

132 1500 289 1569 revelato.
344 1497 528 1564 Audiamus
559 1500 594 1565 in
622 1495 710 1561 hanc
740 1512 812 1559 rem
842 1490 1014 1577 ipsissima
1043 1484 1213 1555 Hermesii

133 1618 247 1685 verba.
304 1613 434 1700 „Quod
464 1614 642 1699 revelatio,
678 1613 802 1701 inquit,
838 1609 941 1691 docet
971 1605 1214 1675 absolutam

136 1758 217 1805 esse
237 1730 324 1800 illam
346 1733 473 1810 altionis
487 1731 600 1801 auxilii
619 1733 870 1812 necessitatem,
892 1728 928 1795 id
941 1748 995 1811 eo,
1018 1726 1117 1813 quod
1140 1745 1215 1791 eon·

136 1855 276 1922 seientia
297 1854 404 1920 nostri
425 1858 707 1941 testatur,'posse
728 1868 792 1917 nos
812 1844 991 1934 unicnique
1012 1844 1217 1913 satisfacere

135 1971 260 2055 officio,
283 1970 419 2038 refutari
439 1994 507 2039 non
527 1976 660 2059 potest,
687 1974 727 2035 ut
745 1969 886 2055 primum
904 1960 972 2032 hoc
992 1964 1142 2043 alterum
1162 1960 1217 2029 do·

136 2112 214 2179 gma
234 2090 415 2157 revelatum
438 2092 641 2176 adiungitur:
685 2086 924 2174 „‚,unicuique
944 2082 1072 2163 homini
1095 2083 1219 2170 quovis

136 2216 286 2297 tempore
320 2209 493 2275 sufficiens
525 2209 652 2296 gratiae
684 2203 840 2271 auxiium
872 2204 945 2271 dari
975 2203 1020 2279 ad
1049 2200 1222 2289 implenda

138 2324 330 2410 officia;““
366 2327 636 2416 quandoquidem
664 2323 730 2391 hoc
759 2327 835 2411 ipso
867 2334 1013 2397 necesse
1045 2329 1108 2389 est
1139 2320 1222 2405 lieri,

138 2444 285 2513 atillam
308 2448 548 2513 conscientiam
576 2445 675 2511 homo
704 2443 950 2510 nansciscotur.
997 2441 1224 2533 Demonstra-

64 2642 69 2653 α
138 2564 389 2631 bimusautem
415 2566 515 2630 etiam
541 2563 608 2631 hoc
635 2561 774 2628 alterum
796 2561 950 2649 dogma.“
994 2558 1092 2644 Quae
1121 2584 1227 2653 qnnrn

141 2683 364 2771 apertissimis
387 2682 502 2750 verbis
518 2689 554 2749 et
567 2684 639 2751 sine
654 2679 722 2747 ulla
743 2683 982 2749 sententiarum
1001 2678 1227 2769 ambignum

140 2801 338 2869 Hermesius
366 2799 502 2866 doceat:
538 2820 647 2869 nonne
676 2796 870 2868 incredibile
890 2794 1044 2867 videatur
1063 2803 1228 2887 potuisse

142 2941 217 2987 eum
239 2941 259 2984 a
280 2916 445 2985 nonnullis
467 2918 673 3005 hominihus,
694 2915 811 2987 nescio
834 2920 1068 3007 praecientia
1090 2922 1228 3008 praedi·

141 3039 187 3104 tis
203 3059 315 3125 quove
334 3039 443 3103 annno
460 3037 582 3122 claretis,
596 3038 831 3127 Pelagianismi
842 3041 923 3103 nota
936 3035 1046 3113 musii
1060 3044 1101 3107 et
1114 3060 1229 3111 nonno

142 3158 267 3221 iustum
283 3161 337 3220 cst
357 3160 483 3219 tautam
498 3155 541 3220 ab
557 3158 828 3237 innocentissimo
851 3154 1117 3245 fidelissimoque
1130 3158 1229 3228 Doc-

141 3277 215 3338 tore
248 3269 409 3359 repellere
436 3275 603 3358 iniuriam,
636 3296 768 3362 nosque
802 3278 898 3362 ipsos
931 3275 1136 3361 defendere,
1172 3278 1231 3367 qui

144 3390 295 3457 eiusdem
310 3393 431 3457 erroris
453 3372 674 3459 accusamur?
717 3397 796 3461 Nou
816 3395 916 3461 modo
930 3414 998 3461 non
1018 3392 1231 3483 Pelagianos

143 3508 207 3575 fuit
233 3506 445 3591 Hermesius,
482 3509 545 3576 sed
577 3531 620 3577 ne
647 3512 936 3602 semipelagianus
970 3510 1125 3603 quidem3
1163 3534 1231 3585 nec

143 3626 312 3713 potuisset
338 3625 404 3692 ullo
426 3627 525 3694 modo
548 3626 603 3694 vcl
623 3630 658 3695 in
686 3628 1053 3721 Semipelagianismum
1073 3632 1231 3703 incidere

62 3732 65 3737 ’
143 3744 210 3812 nisi
230 3766 291 3833 per
311 3745 486 3812 maximnm
508 3747 771 3814 inconstantiam.
815 3754 903 3818 Nam
922 3750 1078 3839 prolecto
1103 3757 1164 3841 qui
1187 3756 1233 3825 ad

144 3863 277 3929 omnia
312 3864 464 3929 officia
497 3862 664 3953 implenda
695 3866 850 3937 absolute
881 3873 1114 3937 necessariam
1148 3896 1233 3945 esse

48 4016 73 4069 „¹
145 3980 247 4063 docet
268 3983 408 4067 gratiam
428 3983 495 4051 Dei
525 3980 710 4069 actualem,
744 3988 907 4055 internam
931 3994 965 4055 et
986 3998 1232 4079 supernatura·

144 4096 285 4183 lensio,
312 4100 377 4167 nisi
394 4100 533 4171 deficiat
553 4126 575 4171 a
595 4124 635 4172 oe
656 4106 732 4192 ipso
756 4111 791 4173 et
812 4105 981 4175 absurdus
1002 4110 1061 4194 sit,
1079 4112 1233 4190 eandem
