<?xml version="1.0" encoding="UTF-8"?>
<!DOCTYPE html PUBLIC "-//W3C//DTD XHTML 1.0 Transitional//EN"
    "http://www.w3.org/TR/xhtml1/DTD/xhtml1-transitional.dtd">
<html xmlns="http://www.w3.org/1999/xhtml" xml:lang="en" lang="en">
 <head>
  <title>
</title>
<meta http-equiv="Content-Type" content="text/html;charset=utf-8" />
  <meta name='ocr-system' content='tesseract 3.04.00' />
  <meta name='ocr-capabilities' content='ocr_page ocr_carea ocr_par ocr_line ocrx_word'/>
</head>
<body>
  <div class='ocr_page' id='page_1' title='image "actahermesianaq00elvegoog_0152.png"; bbox 0 0 2514 4792; ppageno 0'>
   <div class='ocr_carea' id='block_1_1' title="bbox 558 320 638 387">
    <p class='ocr_par' dir='ltr' id='par_1_1' title="bbox 558 320 638 387">
     <span class='ocr_line' id='line_1_1' title="bbox 558 320 638 387; baseline 0 0"><span class='ocrx_word' id='word_1_1' title='bbox 558 320 638 387; x_wconf 67' lang='grc'><strong>199</strong></span> 
     </span>
    </p>
   </div>
   <div class='ocr_carea' id='block_1_2' title="bbox 74 503 1207 1543">
    <p class='ocr_par' dir='ltr' id='par_1_2' title="bbox 74 503 1207 1543">
     <span class='ocr_line' id='line_1_2' title="bbox 75 503 1131 593; baseline 0.006 -23"><span class='ocrx_word' id='word_1_2' title='bbox 75 503 206 588; x_wconf 66' lang='lat' dir='ltr'><strong>mant,</strong></span> <span class='ocrx_word' id='word_1_3' title='bbox 226 507 365 593; x_wconf 84' lang='lat' dir='ltr'><strong>propter</strong></span> <span class='ocrx_word' id='word_1_4' title='bbox 377 506 509 573; x_wconf 82' lang='lat' dir='ltr'><strong>imatos</strong></span> <span class='ocrx_word' id='word_1_5' title='bbox 523 503 687 573; x_wconf 83' lang='lat' dir='ltr'><strong>hnmanae</strong></span> <span class='ocrx_word' id='word_1_6' title='bbox 700 511 839 574; x_wconf 84' lang='lat' dir='ltr'><strong>nntnme</strong></span> <span class='ocrx_word' id='word_1_7' title='bbox 859 503 981 575; x_wconf 85' lang='lat' dir='ltr'><strong>limites</strong></span> <span class='ocrx_word' id='word_1_8' title='bbox 1001 504 1131 577; x_wconf 86' lang='lat' dir='ltr'><strong>minime</strong></span> 
     </span>
     <span class='ocr_line' id='line_1_3' title="bbox 75 621 1143 714; baseline 0.004 -25"><span class='ocrx_word' id='word_1_9' title='bbox 75 622 130 691; x_wconf 78' lang='lat' dir='ltr'><strong>ti</strong></span> <span class='ocrx_word' id='word_1_10' title='bbox 147 626 230 691; x_wconf 84' lang='lat' dir='ltr'><strong>sunt·</strong></span> <span class='ocrx_word' id='word_1_11' title='bbox 246 621 291 689; x_wconf 80' lang='lat' dir='ltr'><strong>ab</strong></span> <span class='ocrx_word' id='word_1_12' title='bbox 312 626 401 691; x_wconf 90' lang='lat' dir='ltr'><strong>omni</strong></span> <span class='ocrx_word' id='word_1_13' title='bbox 422 644 548 709; x_wconf 85' lang='lat' dir='ltr'><strong>errore3</strong></span> <span class='ocrx_word' id='word_1_14' title='bbox 576 622 842 714; x_wconf 82' lang='lat' dir='ltr'><strong>itemqueiacile</strong></span> <span class='ocrx_word' id='word_1_15' title='bbox 863 623 910 710; x_wconf 84' lang='lat' dir='ltr'><strong>tit,</strong></span> <span class='ocrx_word' id='word_1_16' title='bbox 937 631 976 693; x_wconf 91' lang='lat' dir='ltr'><strong>nt</strong></span> <span class='ocrx_word' id='word_1_17' title='bbox 995 628 1143 695; x_wconf 68' lang='lat' dir='ltr'><strong>verissi—</strong></span> 
     </span>
     <span class='ocr_line' id='line_1_4' title="bbox 75 743 1146 832; baseline 0.004 -23"><span class='ocrx_word' id='word_1_18' title='bbox 75 761 139 809; x_wconf 82' lang='lat' dir='ltr'><strong>ae</strong></span> <span class='ocrx_word' id='word_1_19' title='bbox 160 744 435 831; x_wconf 79' lang='lat' dir='ltr'><strong>certissimaeque</strong></span> <span class='ocrx_word' id='word_1_20' title='bbox 459 746 685 831; x_wconf 76' lang='lat' dir='ltr'><strong>cognitiones,</strong></span> <span class='ocrx_word' id='word_1_21' title='bbox 706 743 751 811; x_wconf 91' lang='lat' dir='ltr'><strong>ad</strong></span> <span class='ocrx_word' id='word_1_22' title='bbox 772 762 858 832; x_wconf 78' lang='lat' dir='ltr'><strong>quos</strong></span> <span class='ocrx_word' id='word_1_23' title='bbox 879 751 973 812; x_wconf 90' lang='lat' dir='ltr'><strong>recto</strong></span> <span class='ocrx_word' id='word_1_24' title='bbox 995 746 1146 827; x_wconf 74' lang='lat' dir='ltr'><strong>rationirn¹</strong></span> 
     </span>
     <span class='ocr_line' id='line_1_5' title="bbox 75 836 1146 949; baseline 0.007 -26"><span class='ocrx_word' id='word_1_25' title='bbox 75 878 130 923; x_wconf 74' lang='lat' dir='ltr'><strong>ru</strong></span> <span class='ocrx_word' id='word_1_26' title='bbox 148 858 215 927; x_wconf 85' lang='lat' dir='ltr'><strong>iarn</strong></span> <span class='ocrx_word' id='word_1_27' title='bbox 234 864 460 949; x_wconf 82' lang='lat' dir='ltr'><strong>pertigerunt,</strong></span> <span class='ocrx_word' id='word_1_28' title='bbox 490 863 600 931; x_wconf 91' lang='lat' dir='ltr'><strong>denuo</strong></span> <span class='ocrx_word' id='word_1_29' title='bbox 621 836 873 947; x_wconf 56' lang='lat' dir='ltr'><strong>obscurentur,5</strong></span> <span class='ocrx_word' id='word_1_30' title='bbox 893 863 928 929; x_wconf 89' lang='lat' dir='ltr'><strong>in</strong></span> <span class='ocrx_word' id='word_1_31' title='bbox 955 863 1146 949; x_wconf 85' lang='lat' dir='ltr'><strong>dubitatio·¹</strong></span> 
     </span>
     <span class='ocr_line' id='line_1_6' title="bbox 75 976 1134 1073; baseline 0.007 -31"><span class='ocrx_word' id='word_1_32' title='bbox 75 995 126 1059; x_wconf 67' lang='lat' dir='ltr'><strong>ruf</strong></span> <span class='ocrx_word' id='word_1_33' title='bbox 145 976 371 1073; x_wconf 83' lang='lat' dir='ltr'><strong>adducantur,</strong></span> <span class='ocrx_word' id='word_1_34' title='bbox 402 986 469 1051; x_wconf 87' lang='lat' dir='ltr'><strong>aut.</strong></span> <span class='ocrx_word' id='word_1_35' title='bbox 488 984 620 1049; x_wconf 87' lang='lat' dir='ltr'><strong>omnino</strong></span> <span class='ocrx_word' id='word_1_36' title='bbox 648 980 830 1048; x_wconf 81' lang='lat' dir='ltr'><strong>obruantur</strong></span> <span class='ocrx_word' id='word_1_37' title='bbox 855 1000 1017 1068; x_wconf 87' lang='lat' dir='ltr'><strong>suamque</strong></span> <span class='ocrx_word' id='word_1_38' title='bbox 1039 983 1134 1049; x_wconf 77' lang='lat' dir='ltr'><strong>amit»</strong></span> 
     </span>
     <span class='ocr_line' id='line_1_7' title="bbox 75 1094 1134 1189; baseline 0.006 -28"><span class='ocrx_word' id='word_1_39' title='bbox 75 1100 138 1161; x_wconf 88' lang='lat' dir='ltr'><strong>nt</strong></span> <span class='ocrx_word' id='word_1_40' title='bbox 156 1094 360 1185; x_wconf 87' lang='lat' dir='ltr'><strong>efficaciam,</strong></span> <span class='ocrx_word' id='word_1_41' title='bbox 386 1099 446 1168; x_wconf 87' lang='lat' dir='ltr'><strong>nbi</strong></span> <span class='ocrx_word' id='word_1_42' title='bbox 465 1120 591 1189; x_wconf 85' lang='lat' dir='ltr'><strong>pravae</strong></span> <span class='ocrx_word' id='word_1_43' title='bbox 620 1101 718 1167; x_wconf 75' lang='lat' dir='ltr'><strong>ammi</strong></span> <span class='ocrx_word' id='word_1_44' title='bbox 744 1101 985 1167; x_wconf 75' lang='lat' dir='ltr'><strong>commotiones</strong></span> <span class='ocrx_word' id='word_1_45' title='bbox 1007 1100 1134 1187; x_wconf 90' lang='lat' dir='ltr'><strong>cupidi·</strong></span> 
     </span>
     <span class='ocr_line' id='line_1_8' title="bbox 74 1217 1162 1316; baseline 0.003 -34"><span class='ocrx_word' id='word_1_46' title='bbox 74 1218 196 1285; x_wconf 77' lang='lat' dir='ltr'><strong>terve</strong></span> <span class='ocrx_word' id='word_1_47' title='bbox 223 1223 362 1301; x_wconf 78' lang='lat' dir='ltr'><strong>exortae</strong></span> <span class='ocrx_word' id='word_1_48' title='bbox 390 1222 479 1287; x_wconf 87' lang='lat' dir='ltr'><strong>sunt</strong></span> <span class='ocrx_word' id='word_1_49' title='bbox 521 1217 637 1286; x_wconf 79' lang='lat' dir='ltr'><strong>Facile</strong></span> <span class='ocrx_word' id='word_1_50' title='bbox 665 1219 770 1302; x_wconf 78' lang='lat' dir='ltr'><strong>enin,</strong></span> <span class='ocrx_word' id='word_1_51' title='bbox 788 1222 838 1284; x_wconf 71' lang='lat' dir='ltr'><strong>‘nt</strong></span> <span class='ocrx_word' id='word_1_52' title='bbox 857 1219 906 1283; x_wconf 89' lang='lat' dir='ltr'><strong>ait</strong></span> <span class='ocrx_word' id='word_1_53' title='bbox 930 1217 1162 1316; x_wconf 29' lang='lat' dir='ltr'><strong>Muratorius.</strong></span> 
     </span>
     <span class='ocr_line' id='line_1_9' title="bbox 75 1331 1134 1423; baseline 0.001 -22"><span class='ocrx_word' id='word_1_54' title='bbox 75 1352 105 1401; x_wconf 76' lang='lat' dir='ltr'><strong>e</strong></span> <span class='ocrx_word' id='word_1_55' title='bbox 134 1331 267 1422; x_wconf 74' lang='lat' dir='ltr'><strong>lagen.</strong></span> <span class='ocrx_word' id='word_1_56' title='bbox 295 1336 448 1407; x_wconf 83' lang='lat' dir='ltr'><strong>ltloder.</strong></span> <span class='ocrx_word' id='word_1_57' title='bbox 469 1334 525 1403; x_wconf 86' lang='lat' dir='ltr'><strong>lib.</strong></span> <span class='ocrx_word' id='word_1_58' title='bbox 546 1334 572 1403; x_wconf 83' lang='lat' dir='ltr'><strong>l</strong></span> <span class='ocrx_word' id='word_1_59' title='bbox 594 1357 668 1423; x_wconf 88' lang='lat' dir='ltr'><strong>cap.</strong></span> <span class='ocrx_word' id='word_1_60' title='bbox 689 1340 729 1422; x_wconf 80' lang='lat' dir='ltr'><strong>o,</strong></span> <span class='ocrx_word' id='word_1_61' title='bbox 771 1336 1005 1422; x_wconf 84' lang='lat' dir='ltr'><strong>„voluntatem</strong></span> <span class='ocrx_word' id='word_1_62' title='bbox 1032 1356 1134 1411; x_wconf 80' lang='lat' dir='ltr'><strong>occu·</strong></span> 
     </span>
     <span class='ocr_line' id='line_1_10' title="bbox 75 1453 1207 1543; baseline 0.005 -28"><span class='ocrx_word' id='word_1_63' title='bbox 75 1455 123 1517; x_wconf 77' lang='lat' dir='ltr'><strong>nt</strong></span> <span class='ocrx_word' id='word_1_64' title='bbox 142 1458 202 1521; x_wconf 90' lang='lat' dir='ltr'><strong>aut</strong></span> <span class='ocrx_word' id='word_1_65' title='bbox 220 1453 345 1542; x_wconf 87' lang='lat' dir='ltr'><strong>gloriae</strong></span> <span class='ocrx_word' id='word_1_66' title='bbox 367 1458 536 1543; x_wconf 86' lang='lat' dir='ltr'><strong>appetitus</strong></span> <span class='ocrx_word' id='word_1_67' title='bbox 557 1453 876 1542; x_wconf 85' lang='lat' dir='ltr'><strong>eiusquc&#39;sobolcs‚</strong></span> <span class='ocrx_word' id='word_1_68' title='bbox 902 1456 1063 1525; x_wconf 55' lang='lat' dir='ltr'><strong>navim&amp;</strong></span> <span class='ocrx_word' id='word_1_69' title='bbox 1083 1476 1135 1521; x_wconf 82' lang='lat' dir='ltr'><strong>ar·</strong></span> <span class='ocrx_word' id='word_1_70' title='bbox 1203 1532 1207 1537; x_wconf 84' lang='lat'>.</span> 
     </span>
    </p>
   </div>
   <div class='ocr_carea' id='block_1_3' title="bbox 75 1564 1145 2271">
    <p class='ocr_par' dir='ltr' id='par_1_3' title="bbox 75 1564 1145 2271">
     <span class='ocr_line' id='line_1_11' title="bbox 75 1564 1137 1663; baseline 0.005 -28"><span class='ocrx_word' id='word_1_71' title='bbox 75 1588 127 1635; x_wconf 86' lang='lat' dir='ltr'><strong>or</strong></span> <span class='ocrx_word' id='word_1_72' title='bbox 151 1577 210 1639; x_wconf 91' lang='lat' dir='ltr'><strong>aut</strong></span> <span class='ocrx_word' id='word_1_73' title='bbox 235 1572 425 1645; x_wconf 86' lang='lat' dir='ltr'><strong>dominandi</strong></span> <span class='ocrx_word' id='word_1_74' title='bbox 449 1572 570 1657; x_wconf 87' lang='lat' dir='ltr'><strong>libido,</strong></span> <span class='ocrx_word' id='word_1_75' title='bbox 597 1579 656 1640; x_wconf 84' lang='lat' dir='ltr'><strong>aut</strong></span> <span class='ocrx_word' id='word_1_76' title='bbox 681 1572 767 1641; x_wconf 85' lang='lat' dir='ltr'><strong>alise</strong></span> <span class='ocrx_word' id='word_1_77' title='bbox 793 1564 1137 1663; x_wconf 58' lang='lat' dir='ltr'><strong>cupidates-huius</strong></span> 
     </span>
     <span class='ocr_line' id='line_1_12' title="bbox 75 1687 1138 1783; baseline 0.006 -30"><span class='ocrx_word' id='word_1_78' title='bbox 75 1687 164 1773; x_wconf 79' lang='lat' dir='ltr'><strong>rodi,</strong></span> <span class='ocrx_word' id='word_1_79' title='bbox 183 1711 271 1779; x_wconf 88' lang='lat' dir='ltr'><strong>quae</strong></span> <span class='ocrx_word' id='word_1_80' title='bbox 292 1714 358 1761; x_wconf 94' lang='lat' dir='ltr'><strong>uno</strong></span> <span class='ocrx_word' id='word_1_81' title='bbox 380 1690 682 1783; x_wconf 75' lang='lat' dir='ltr'><strong>concupiscentiae</strong></span> <span class='ocrx_word' id='word_1_82' title='bbox 707 1693 839 1760; x_wconf 89' lang='lat' dir='ltr'><strong>nominc</strong></span> <span class='ocrx_word' id='word_1_83' title='bbox 857 1688 1091 1778; x_wconf 76' lang='lat' dir='ltr'><strong>designantur</strong></span> <span class='ocrx_word' id='word_1_84' title='bbox 1103 1694 1138 1759; x_wconf 91' lang='lat' dir='ltr'><strong>in</strong></span> 
     </span>
     <span class='ocr_line' id='line_1_13' title="bbox 75 1802 1137 1899; baseline 0.009 -30"><span class='ocrx_word' id='word_1_85' title='bbox 75 1802 172 1874; x_wconf 75' lang='lat' dir='ltr'><strong>acris</strong></span> <span class='ocrx_word' id='word_1_86' title='bbox 203 1809 399 1899; x_wconf 81' lang='lat' dir='ltr'><strong>Scripturis.</strong></span> <span class='ocrx_word' id='word_1_87' title='bbox 452 1811 503 1879; x_wconf 85' lang='lat' dir='ltr'><strong>lta</strong></span> <span class='ocrx_word' id='word_1_88' title='bbox 533 1811 671 1898; x_wconf 88' lang='lat' dir='ltr'><strong>imperio</strong></span> <span class='ocrx_word' id='word_1_89' title='bbox 704 1808 875 1877; x_wconf 80' lang='lat' dir='ltr'><strong>delirantis</strong></span> <span class='ocrx_word' id='word_1_90' title='bbox 895 1808 940 1877; x_wconf 65' lang='lat' dir='ltr'><strong>&#39;et</strong></span> <span class='ocrx_word' id='word_1_91' title='bbox 964 1813 998 1877; x_wconf 92' lang='lat' dir='ltr'><strong>in</strong></span> <span class='ocrx_word' id='word_1_92' title='bbox 1022 1814 1137 1879; x_wconf 86' lang='lat' dir='ltr'><strong>varios</strong></span> 
     </span>
     <span class='ocr_line' id='line_1_14' title="bbox 75 1920 1137 2019; baseline 0.008 -31"><span class='ocrx_word' id='word_1_93' title='bbox 75 1920 207 1995; x_wconf 76' lang='lat' dir='ltr'><strong>affectus</strong></span> <span class='ocrx_word' id='word_1_94' title='bbox 235 1929 419 2018; x_wconf 87' lang='lat' dir='ltr'><strong>dissipatae</strong></span> <span class='ocrx_word' id='word_1_95' title='bbox 446 1928 629 1998; x_wconf 83' lang='lat' dir='ltr'><strong>voluntatis</strong></span> <span class='ocrx_word' id='word_1_96' title='bbox 655 1927 816 2015; x_wconf 82' lang='lat' dir='ltr'><strong>abreptus</strong></span> <span class='ocrx_word' id='word_1_97' title='bbox 843 1926 1034 2019; x_wconf 79' lang='lat' dir='ltr'><strong>intellectus</strong></span> <span class='ocrx_word' id='word_1_98' title='bbox 1056 1928 1137 1997; x_wconf 91' lang='lat' dir='ltr'><strong>deli·</strong></span> 
     </span>
     <span class='ocr_line' id='line_1_15' title="bbox 75 2045 1137 2136; baseline 0.009 -31"><span class='ocrx_word' id='word_1_99' title='bbox 75 2060 143 2111; x_wconf 87' lang='lat' dir='ltr'><strong>rare</strong></span> <span class='ocrx_word' id='word_1_100' title='bbox 167 2053 201 2115; x_wconf 90' lang='lat' dir='ltr'><strong>ct</strong></span> <span class='ocrx_word' id='word_1_101' title='bbox 225 2050 301 2136; x_wconf 90' lang='lat' dir='ltr'><strong>ipse</strong></span> <span class='ocrx_word' id='word_1_102' title='bbox 329 2051 469 2136; x_wconf 85' lang='lat' dir='ltr'><strong>cogitur.</strong></span> <span class='ocrx_word' id='word_1_103' title='bbox 511 2050 633 2136; x_wconf 83' lang='lat' dir='ltr'><strong>Neque</strong></span> <span class='ocrx_word' id='word_1_104' title='bbox 660 2046 767 2131; x_wconf 78' lang='lat' dir='ltr'><strong>caim,</strong></span> <span class='ocrx_word' id='word_1_105' title='bbox 800 2045 879 2113; x_wconf 91' lang='lat' dir='ltr'><strong>dnm</strong></span> <span class='ocrx_word' id='word_1_106' title='bbox 899 2050 968 2112; x_wconf 86' lang='lat' dir='ltr'><strong>tam</strong></span> <span class='ocrx_word' id='word_1_107' title='bbox 988 2046 1075 2116; x_wconf 89' lang='lat' dir='ltr'><strong>male</strong></span> <span class='ocrx_word' id='word_1_108' title='bbox 1097 2068 1137 2115; x_wconf 87' lang='lat' dir='ltr'><strong>sc</strong></span> 
     </span>
     <span class='ocr_line' id='line_1_16' title="bbox 75 2156 1145 2271; baseline 0 -40"><span class='ocrx_word' id='word_1_109' title='bbox 75 2156 169 2271; x_wconf 65' lang='lat' dir='ltr'><strong>halet</strong></span> <span class='ocrx_word' id='word_1_110' title='bbox 192 2166 364 2252; x_wconf 72' lang='lat' dir='ltr'><strong>voluntaS,</strong></span> <span class='ocrx_word' id='word_1_111' title='bbox 398 2175 435 2237; x_wconf 89' lang='lat' dir='ltr'><strong>et</strong></span> <span class='ocrx_word' id='word_1_112' title='bbox 461 2166 540 2235; x_wconf 91' lang='lat' dir='ltr'><strong>dum</strong></span> <span class='ocrx_word' id='word_1_113' title='bbox 567 2167 699 2254; x_wconf 88' lang='lat' dir='ltr'><strong>corpori</strong></span> <span class='ocrx_word' id='word_1_114' title='bbox 725 2167 859 2232; x_wconf 87' lang='lat' dir='ltr'><strong>nimium</strong></span> <span class='ocrx_word' id='word_1_115' title='bbox 881 2167 1003 2250; x_wconf 79' lang='lat' dir='ltr'><strong>servit,</strong></span> <span class='ocrx_word' id='word_1_116' title='bbox 1034 2168 1145 2233; x_wconf 84' lang='lat' dir='ltr'><strong>meriti·</strong></span> 
     </span>
    </p>
   </div>
   <div class='ocr_carea' id='block_1_4' title="bbox 75 2276 1222 4161">
    <p class='ocr_par' dir='ltr' id='par_1_4' title="bbox 75 2276 1222 4161">
     <span class='ocr_line' id='line_1_17' title="bbox 77 2276 1138 2374; baseline 0.002 -24"><span class='ocrx_word' id='word_1_117' title='bbox 77 2288 168 2350; x_wconf 76' lang='lat' dir='ltr'><strong>vacat</strong></span> <span class='ocrx_word' id='word_1_118' title='bbox 200 2287 377 2353; x_wconf 88' lang='lat' dir='ltr'><strong>veritatem</strong></span> <span class='ocrx_word' id='word_1_119' title='bbox 411 2287 618 2374; x_wconf 86' lang='lat' dir='ltr'><strong>perscrutari</strong></span> <span class='ocrx_word' id='word_1_120' title='bbox 652 2289 764 2373; x_wconf 88' lang='lat' dir='ltr'><strong>atque·</strong></span> <span class='ocrx_word' id='word_1_121' title='bbox 792 2276 923 2350; x_wconf 83' lang='lat' dir='ltr'><strong>crroics</strong></span> <span class='ocrx_word' id='word_1_122' title='bbox 958 2281 1138 2371; x_wconf 83' lang='lat' dir='ltr'><strong>detegere·;</strong></span> 
     </span>
     <span class='ocr_line' id='line_1_18' title="bbox 80 2394 1188 2492; baseline 0.001 -22"><span class='ocrx_word' id='word_1_123' title='bbox 80 2396 190 2490; x_wconf 70' lang='lat' dir='ltr'><strong>quippe</strong></span> <span class='ocrx_word' id='word_1_124' title='bbox 216 2394 305 2492; x_wconf 90' lang='lat' dir='ltr'><strong>quas</strong></span> <span class='ocrx_word' id='word_1_125' title='bbox 332 2410 403 2471; x_wconf 91' lang='lat' dir='ltr'><strong>tum</strong></span> <span class='ocrx_word' id='word_1_126' title='bbox 430 2408 529 2474; x_wconf 89' lang='lat' dir='ltr'><strong>unice</strong></span> <span class='ocrx_word' id='word_1_127' title='bbox 557 2404 675 2474; x_wconf 83' lang='lat' dir='ltr'><strong>studet</strong></span> <span class='ocrx_word' id='word_1_128' title='bbox 700 2402 903 2486; x_wconf 83' lang='lat' dir='ltr'><strong>rationibus,</strong></span> <span class='ocrx_word' id='word_1_129' title='bbox 924 2400 1050 2489; x_wconf 69' lang='lat' dir='ltr'><strong>quillus</strong></span> <span class='ocrx_word' id='word_1_130' title='bbox 1078 2424 1138 2471; x_wconf 90' lang='lat' dir='ltr'><strong>vo·</strong></span> <span class='ocrx_word' id='word_1_131' title='bbox 1181 2409 1188 2427; x_wconf 76' lang='lat'>⁸</span> 
     </span>
     <span class='ocr_line' id='line_1_19' title="bbox 81 2506 1222 2613; baseline 0.004 -27"><span class='ocrx_word' id='word_1_132' title='bbox 81 2506 185 2585; x_wconf 70' lang='lat' dir='ltr'><strong>nnuc</strong></span> <span class='ocrx_word' id='word_1_133' title='bbox 209 2506 451 2612; x_wconf 89' lang='lat' dir='ltr'><strong>comparentur</strong></span> <span class='ocrx_word' id='word_1_134' title='bbox 468 2524 525 2610; x_wconf 87' lang='lat' dir='ltr'><strong>illa</strong></span> <span class='ocrx_word' id='word_1_135' title='bbox 549 2524 745 2613; x_wconf 85' lang='lat' dir='ltr'><strong>apparentia</strong></span> <span class='ocrx_word' id='word_1_136' title='bbox 764 2519 863 2587; x_wconf 81' lang='lat' dir='ltr'><strong>hona</strong></span> <span class='ocrx_word' id='word_1_137' title='bbox 906 2518 955 2587; x_wconf 83' lang='lat' dir='ltr'><strong>Et</strong></span> <span class='ocrx_word' id='word_1_138' title='bbox 976 2519 1141 2609; x_wconf 86' lang='lat' dir='ltr'><strong>siqnidem</strong></span> <span class='ocrx_word' id='word_1_139' title='bbox 1218 2531 1222 2541; x_wconf 92' lang='grc'><strong>“</strong></span> 
     </span>
     <span class='ocr_line' id='line_1_20' title="bbox 82 2639 1141 2729; baseline 0.008 -30"><span class='ocrx_word' id='word_1_140' title='bbox 82 2639 184 2721; x_wconf 72' lang='lat' dir='ltr'><strong>namt,</strong></span> <span class='ocrx_word' id='word_1_141' title='bbox 215 2639 250 2705; x_wconf 91' lang='lat' dir='ltr'><strong>in</strong></span> <span class='ocrx_word' id='word_1_142' title='bbox 270 2640 397 2705; x_wconf 86' lang='lat' dir='ltr'><strong>irritum</strong></span> <span class='ocrx_word' id='word_1_143' title='bbox 424 2660 531 2729; x_wconf 87' lang='lat' dir='ltr'><strong>saepe</strong></span> <span class='ocrx_word' id='word_1_144' title='bbox 552 2639 645 2709; x_wconf 89' lang='lat' dir='ltr'><strong>cedit</strong></span> <span class='ocrx_word' id='word_1_145' title='bbox 663 2641 786 2727; x_wconf 77' lang='lat' dir='ltr'><strong>mentis</strong></span> <span class='ocrx_word' id='word_1_146' title='bbox 809 2644 969 2723; x_wconf 87' lang='lat' dir='ltr'><strong>conatus,</strong></span> <span class='ocrx_word' id='word_1_147' title='bbox 1001 2658 1069 2707; x_wconf 89' lang='lat' dir='ltr'><strong>non</strong></span> <span class='ocrx_word' id='word_1_148' title='bbox 1094 2642 1141 2708; x_wconf 88' lang='lat' dir='ltr'><strong>si·</strong></span> 
     </span>
     <span class='ocr_line' id='line_1_21' title="bbox 81 2750 1142 2844; baseline 0.01 -27"><span class='ocrx_word' id='word_1_149' title='bbox 81 2756 169 2829; x_wconf 78' lang='lat' dir='ltr'><strong>reno</strong></span> <span class='ocrx_word' id='word_1_150' title='bbox 194 2755 281 2824; x_wconf 86' lang='lat' dir='ltr'><strong>male</strong></span> <span class='ocrx_word' id='word_1_151' title='bbox 307 2779 391 2826; x_wconf 92' lang='lat' dir='ltr'><strong>sano</strong></span> <span class='ocrx_word' id='word_1_152' title='bbox 418 2759 558 2844; x_wconf 83' lang='lat' dir='ltr'><strong>allecto,</strong></span> <span class='ocrx_word' id='word_1_153' title='bbox 588 2763 627 2824; x_wconf 93' lang='lat' dir='ltr'><strong>nt</strong></span> <span class='ocrx_word' id='word_1_154' title='bbox 652 2760 786 2826; x_wconf 86' lang='lat' dir='ltr'><strong>sincere</strong></span> <span class='ocrx_word' id='word_1_155' title='bbox 814 2778 909 2825; x_wconf 89' lang='lat' dir='ltr'><strong>mens</strong></span> <span class='ocrx_word' id='word_1_156' title='bbox 930 2757 1072 2843; x_wconf 87' lang='lat' dir='ltr'><strong>iudicet,</strong></span> <span class='ocrx_word' id='word_1_157' title='bbox 1099 2750 1142 2829; x_wconf 51' lang='lat' dir='ltr'><strong>‘ct</strong></span> 
     </span>
     <span class='ocr_line' id='line_1_22' title="bbox 81 2875 1141 2967; baseline 0.002 -26"><span class='ocrx_word' id='word_1_158' title='bbox 81 2876 182 2951; x_wconf 77' lang='lat' dir='ltr'><strong>uere</strong></span> <span class='ocrx_word' id='word_1_159' title='bbox 210 2881 269 2942; x_wconf 91' lang='lat' dir='ltr'><strong>aut</strong></span> <span class='ocrx_word' id='word_1_160' title='bbox 294 2875 437 2946; x_wconf 87' lang='lat' dir='ltr'><strong>subdole</strong></span> <span class='ocrx_word' id='word_1_161' title='bbox 461 2883 585 2967; x_wconf 77' lang='lat' dir='ltr'><strong>agente</strong></span> <span class='ocrx_word' id='word_1_162' title='bbox 611 2875 801 2961; x_wconf 84' lang='lat' dir='ltr'><strong>voluntate,</strong></span> <span class='ocrx_word' id='word_1_163' title='bbox 837 2883 875 2943; x_wconf 91' lang='lat' dir='ltr'><strong>ut</strong></span> <span class='ocrx_word' id='word_1_164' title='bbox 902 2896 985 2943; x_wconf 92' lang='lat' dir='ltr'><strong>snae</strong></span> <span class='ocrx_word' id='word_1_165' title='bbox 1014 2876 1141 2964; x_wconf 90' lang='lat' dir='ltr'><strong>cupidi-</strong></span> 
     </span>
     <span class='ocr_line' id='line_1_23' title="bbox 81 2983 1142 3075; baseline 0.003 -15"><span class='ocrx_word' id='word_1_166' title='bbox 81 2983 135 3053; x_wconf 64' lang='lat' dir='ltr'><strong>lflfi</strong></span> <span class='ocrx_word' id='word_1_167' title='bbox 161 2993 274 3062; x_wconf 86' lang='lat' dir='ltr'><strong>faveat</strong></span> <span class='ocrx_word' id='word_1_168' title='bbox 305 3000 342 3065; x_wconf 85' lang='lat' dir='ltr'><strong>ct</strong></span> <span class='ocrx_word' id='word_1_169' title='bbox 370 2998 559 3065; x_wconf 78' lang='lat' dir='ltr'><strong>consentiat</strong></span> <span class='ocrx_word' id='word_1_170' title='bbox 589 2994 780 3064; x_wconf 87' lang='lat' dir='ltr'><strong>intellectus</strong></span> <span class='ocrx_word' id='word_1_171' title='bbox 811 2992 993 3060; x_wconf 87' lang='lat' dir='ltr'><strong>inlirmus.“</strong></span> <span class='ocrx_word' id='word_1_172' title='bbox 1047 2992 1142 3075; x_wconf 78' lang='lat' dir='ltr'><strong>Quae</strong></span> 
     </span>
     <span class='ocr_line' id='line_1_24' title="bbox 81 3110 1142 3203; baseline -0.006 -18"><span class='ocrx_word' id='word_1_173' title='bbox 81 3115 344 3198; x_wconf 69' lang='lat' dir='ltr'><strong>nomimant,</strong></span> <span class='ocrx_word' id='word_1_174' title='bbox 375 3111 529 3203; x_wconf 77' lang='lat' dir='ltr'><strong>profecto</strong></span> <span class='ocrx_word' id='word_1_175' title='bbox 557 3117 754 3183; x_wconf 87' lang='lat' dir='ltr'><strong>immensum</strong></span> <span class='ocrx_word' id='word_1_176' title='bbox 777 3134 845 3179; x_wconf 95' lang='lat' dir='ltr'><strong>non</strong></span> <span class='ocrx_word' id='word_1_177' title='bbox 871 3110 970 3179; x_wconf 90' lang='lat' dir='ltr'><strong>modo</strong></span> <span class='ocrx_word' id='word_1_178' title='bbox 997 3111 1142 3179; x_wconf 87' lang='lat' dir='ltr'><strong>indoctis</strong></span> 
     </span>
     <span class='ocr_line' id='line_1_25' title="bbox 82 3223 1142 3318; baseline -0.002 -20"><span class='ocrx_word' id='word_1_179' title='bbox 82 3223 136 3291; x_wconf 62' lang='lat' dir='ltr'><strong>led</strong></span> <span class='ocrx_word' id='word_1_180' title='bbox 159 3233 256 3299; x_wconf 91' lang='lat' dir='ltr'><strong>etiam</strong></span> <span class='ocrx_word' id='word_1_181' title='bbox 284 3233 396 3301; x_wconf 89' lang='lat' dir='ltr'><strong>doctis</strong></span> <span class='ocrx_word' id='word_1_182' title='bbox 422 3232 611 3301; x_wconf 82' lang='lat' dir='ltr'><strong>hominibus</strong></span> <span class='ocrx_word' id='word_1_183' title='bbox 637 3231 835 3301; x_wconf 87' lang='lat' dir='ltr'><strong>beneficium</strong></span> <span class='ocrx_word' id='word_1_184' title='bbox 854 3231 952 3299; x_wconf 87' lang='lat' dir='ltr'><strong>Deus</strong></span> <span class='ocrx_word' id='word_1_185' title='bbox 980 3229 1046 3297; x_wconf 92' lang='lat' dir='ltr'><strong>hoc</strong></span> <span class='ocrx_word' id='word_1_186' title='bbox 1066 3233 1142 3318; x_wconf 88' lang='lat' dir='ltr'><strong>ipso</strong></span> 
     </span>
     <span class='ocr_line' id='line_1_26' title="bbox 81 3350 1145 3438; baseline 0.008 -29"><span class='ocrx_word' id='word_1_187' title='bbox 81 3351 248 3434; x_wconf 76' lang='lat' dir='ltr'><strong>praestitit,</strong></span> <span class='ocrx_word' id='word_1_188' title='bbox 269 3351 360 3438; x_wconf 93' lang='lat' dir='ltr'><strong>qnod</strong></span> <span class='ocrx_word' id='word_1_189' title='bbox 382 3353 481 3420; x_wconf 89' lang='lat' dir='ltr'><strong>ctiam</strong></span> <span class='ocrx_word' id='word_1_190' title='bbox 493 3350 617 3420; x_wconf 85' lang='lat' dir='ltr'><strong>multas</strong></span> <span class='ocrx_word' id='word_1_191' title='bbox 629 3352 792 3421; x_wconf 85' lang='lat' dir='ltr'><strong>veritates</strong></span> <span class='ocrx_word' id='word_1_192' title='bbox 806 3351 1034 3438; x_wconf 84' lang='lat' dir='ltr'><strong>gravissimas,</strong></span> <span class='ocrx_word' id='word_1_193' title='bbox 1056 3370 1145 3437; x_wconf 90' lang='lat' dir='ltr'><strong>quac</strong></span> 
     </span>
     <span class='ocr_line' id='line_1_27' title="bbox 78 3446 1195 3557; baseline -0.003 -20"><span class='ocrx_word' id='word_1_194' title='bbox 78 3472 134 3537; x_wconf 80' lang='lat' dir='ltr'><strong>rer</strong></span> <span class='ocrx_word' id='word_1_195' title='bbox 152 3488 190 3535; x_wconf 91' lang='lat' dir='ltr'><strong>se</strong></span> <span class='ocrx_word' id='word_1_196' title='bbox 219 3468 354 3557; x_wconf 90' lang='lat' dir='ltr'><strong>quidem</strong></span> <span class='ocrx_word' id='word_1_197' title='bbox 376 3475 412 3540; x_wconf 86' lang='lat' dir='ltr'><strong>ct</strong></span> <span class='ocrx_word' id='word_1_198' title='bbox 432 3490 536 3539; x_wconf 86' lang='lat' dir='ltr'><strong>sensu</strong></span> <span class='ocrx_word' id='word_1_199' title='bbox 564 3469 719 3541; x_wconf 83' lang='lat' dir='ltr'><strong>absoluto</strong></span> <span class='ocrx_word' id='word_1_200' title='bbox 739 3492 808 3538; x_wconf 93' lang='lat' dir='ltr'><strong>non</strong></span> <span class='ocrx_word' id='word_1_201' title='bbox 831 3468 1003 3543; x_wconf 77' lang='lat' dir='ltr'><strong>¹excedunt</strong></span> <span class='ocrx_word' id='word_1_202' title='bbox 1030 3467 1145 3535; x_wconf 89' lang='lat' dir='ltr'><strong>hnma-</strong></span> <span class='ocrx_word' id='word_1_203' title='bbox 1189 3446 1195 3463; x_wconf 63' lang='lat'><em>⁰</em></span> 
     </span>
     <span class='ocr_line' id='line_1_28' title="bbox 77 3586 1146 3678; baseline 0.002 -27"><span class='ocrx_word' id='word_1_204' title='bbox 77 3587 292 3655; x_wconf 62' lang='lat' dir='ltr'><strong>moratoriis</strong></span> <span class='ocrx_word' id='word_1_205' title='bbox 313 3590 416 3674; x_wconf 83' lang='lat' dir='ltr'><strong>vires,</strong></span> <span class='ocrx_word' id='word_1_206' title='bbox 446 3589 765 3678; x_wconf 80' lang='lat' dir='ltr'><strong>supernaturali</strong></span> <span class='ocrx_word' id='word_1_207' title='bbox 790 3588 912 3655; x_wconf 90' lang='lat' dir='ltr'><strong>modo</strong></span> <span class='ocrx_word' id='word_1_208' title='bbox 938 3608 1001 3674; x_wconf 89' lang='lat' dir='ltr'><strong>per</strong></span> <span class='ocrx_word' id='word_1_209' title='bbox 1024 3586 1146 3654; x_wconf 89' lang='lat' dir='ltr'><strong>Jesnm</strong></span> 
     </span>
     <span class='ocr_line' id='line_1_29' title="bbox 76 3684 1145 3797; baseline -0.004 -22"><span class='ocrx_word' id='word_1_210' title='bbox 76 3684 239 3775; x_wconf 62' lang='lat' dir='ltr'><strong>christum</strong></span> <span class='ocrx_word' id='word_1_211' title='bbox 267 3705 405 3774; x_wconf 86' lang='lat' dir='ltr'><strong>tradidit</strong></span> <span class='ocrx_word' id='word_1_212' title='bbox 431 3714 533 3797; x_wconf 89' lang='lat' dir='ltr'><strong>atque</strong></span> <span class='ocrx_word' id='word_1_213' title='bbox 561 3707 722 3775; x_wconf 84' lang='lat' dir='ltr'><strong>infallibili</strong></span> <span class='ocrx_word' id='word_1_214' title='bbox 748 3710 948 3776; x_wconf 88' lang='lat' dir='ltr'><strong>auctoritate</strong></span> <span class='ocrx_word' id='word_1_215' title='bbox 976 3726 1039 3773; x_wconf 84' lang='lat' dir='ltr'><strong>sna</strong></span> <span class='ocrx_word' id='word_1_216' title='bbox 1065 3726 1145 3772; x_wconf 91' lang='lat' dir='ltr'><strong>con-</strong></span> 
     </span>
     <span class='ocr_line' id='line_1_30' title="bbox 75 3802 1145 3912; baseline 0 -22"><span class='ocrx_word' id='word_1_217' title='bbox 75 3802 218 3896; x_wconf 65' lang='lat' dir='ltr'><strong>firmavit.</strong></span> <span class='ocrx_word' id='word_1_218' title='bbox 261 3826 442 3894; x_wconf 82' lang='lat' dir='ltr'><strong>Enimvero</strong></span> <span class='ocrx_word' id='word_1_219' title='bbox 469 3826 555 3895; x_wconf 89' lang='lat' dir='ltr'><strong>haec</strong></span> <span class='ocrx_word' id='word_1_220' title='bbox 589 3826 769 3895; x_wconf 82' lang='lat' dir='ltr'><strong>infallibilis</strong></span> <span class='ocrx_word' id='word_1_221' title='bbox 796 3827 980 3893; x_wconf 88' lang='lat' dir='ltr'><strong>auctoritas</strong></span> <span class='ocrx_word' id='word_1_222' title='bbox 1007 3831 1044 3892; x_wconf 88' lang='lat' dir='ltr'><strong>et</strong></span> <span class='ocrx_word' id='word_1_223' title='bbox 1068 3844 1145 3912; x_wconf 89' lang='lat' dir='ltr'><strong>pro-</strong></span> 
     </span>
     <span class='ocr_line' id='line_1_31' title="bbox 75 3936 1147 4035; baseline 0 -27"><span class='ocrx_word' id='word_1_224' title='bbox 75 3940 162 4012; x_wconf 76' lang='lat' dir='ltr'><strong>etiae</strong></span> <span class='ocrx_word' id='word_1_225' title='bbox 182 3945 419 4033; x_wconf 84' lang='lat' dir='ltr'><strong>intelligentiae</strong></span> <span class='ocrx_word' id='word_1_226' title='bbox 442 3945 612 4013; x_wconf 87' lang='lat' dir='ltr'><strong>defectum</strong></span> <span class='ocrx_word' id='word_1_227' title='bbox 632 3944 758 4035; x_wconf 86' lang='lat' dir='ltr'><strong>ubique</strong></span> <span class='ocrx_word' id='word_1_228' title='bbox 780 3936 987 4033; x_wconf 78' lang='lat' dir='ltr'><strong>compensat,</strong></span> <span class='ocrx_word' id='word_1_229' title='bbox 1009 3950 1044 4010; x_wconf 91' lang='lat' dir='ltr'><strong>et</strong></span> <span class='ocrx_word' id='word_1_230' title='bbox 1065 3940 1147 4013; x_wconf 89' lang='lat' dir='ltr'><strong>illud</strong></span> 
     </span>
     <span class='ocr_line' id='line_1_32' title="bbox 75 4048 1145 4161; baseline -0.002 -33"><span class='ocrx_word' id='word_1_231' title='bbox 75 4048 204 4132; x_wconf 56' lang='grc' dir='ltr'><strong>ὲΙῖἰοοινο</strong></span> <span class='ocrx_word' id='word_1_232' title='bbox 218 4062 333 4149; x_wconf 84' lang='lat' dir='ltr'><strong>debet,</strong></span> <span class='ocrx_word' id='word_1_233' title='bbox 354 4064 645 4161; x_wconf 85' lang='lat' dir='ltr'><strong>utdnbitationes‚</strong></span> <span class='ocrx_word' id='word_1_234' title='bbox 667 4067 786 4155; x_wconf 87' lang='lat' dir='ltr'><strong>siquae</strong></span> <span class='ocrx_word' id='word_1_235' title='bbox 807 4065 999 4153; x_wconf 84' lang='lat' dir='ltr'><strong>ingerantur</strong></span> <span class='ocrx_word' id='word_1_236' title='bbox 1020 4062 1063 4129; x_wconf 87' lang='lat' dir='ltr'><strong>ab</strong></span> <span class='ocrx_word' id='word_1_237' title='bbox 1075 4063 1145 4129; x_wconf 90' lang='lat' dir='ltr'><strong>irri-</strong></span> 
     </span>
    </p>
   </div>
   <div class='ocr_carea' id='block_1_5' title="bbox 75 4175 1142 4368">
    <p class='ocr_par' dir='ltr' id='par_1_5' title="bbox 75 4175 1142 4368">
     <span class='ocr_line' id='line_1_33' title="bbox 75 4175 1142 4275; baseline -0.002 -26"><span class='ocrx_word' id='word_1_238' title='bbox 75 4175 140 4249; x_wconf 63' lang='lat' dir='ltr'><strong>ata</strong></span> <span class='ocrx_word' id='word_1_239' title='bbox 162 4186 448 4274; x_wconf 81' lang='lat' dir='ltr'><strong>concupiscentia,</strong></span> <span class='ocrx_word' id='word_1_240' title='bbox 468 4190 627 4275; x_wconf 87' lang='lat' dir='ltr'><strong>tanquam</strong></span> <span class='ocrx_word' id='word_1_241' title='bbox 646 4187 762 4255; x_wconf 87' lang='lat' dir='ltr'><strong>inanes</strong></span> <span class='ocrx_word' id='word_1_242' title='bbox 778 4183 915 4253; x_wconf 85' lang='lat' dir='ltr'><strong>umbrae</strong></span> <span class='ocrx_word' id='word_1_243' title='bbox 930 4183 1142 4251; x_wconf 71' lang='lat' dir='ltr'><strong>commeant</strong></span> 
     </span>
     <span class='ocr_line' id='line_1_34' title="bbox 764 4294 944 4368; baseline 0 0"><span class='ocrx_word' id='word_1_244' title='bbox 764 4294 767 4317; x_wconf 71' lang='lat'><strong>¹</strong></span> <span class='ocrx_word' id='word_1_245' title='bbox 916 4305 944 4368; x_wconf 74' lang='grc'>9</span> 
     </span>
    </p>
   </div>
   <div class='ocr_carea' id='block_1_6' title="bbox 0 0 1272 4792">
    <p class='ocr_par' dir='ltr' id='par_1_6' title="bbox 0 0 1272 4792">
     <span class='ocr_line' id='line_1_35' title="bbox 0 0 1272 4792; baseline 0 0"><span class='ocrx_word' id='word_1_246' title='bbox 0 0 1272 4792; x_wconf 95' lang='lat' dir='ltr'><strong> </strong></span> 
     </span>
    </p>
   </div>
  </div>
 </body>
</html>
