2514 4792
396 229 611 350 Ι290

10 444 289 541 &eclesiasticae
323 473 581 554 contemptores,
618 465 685 535 -lta
716 488 783 534 non
812 467 910 534 modo
934 469 1105 539 ‘adficiunt
1158 560 1160 564 Ι

10 588 211 661 honestam
238 585 463 670 tolerantiam,
492 587 554 654 sed
582 585 681 655 dictis
707 587 809 653 factis
831 584 999 655 declarant
1027 611 1106 657 sese

10 686 154 779 'instes
176 728 255 774 esse
278 706 405 782 solidne
427 705 614 789 doctrinae,
642 727 729 792 quae
750 711 788 771 ut
808 707 894 772 inter
915 703 1107 775 Catholicae

20 806 246 897 sustentetur
267 829 302 891 et
320 827 444 918 vigeat,
466 825 662 910 pracsertim
682 826 716 891 in
738 821 913 890 Germania
935 847 1020 914 opus
1043 832 1105 894 est

12 942 169 1017 'salium
190 946 334 1009 virorum
362 941 473 1007 studia
495 946 529 1008 et
551 940 692 1009 conatus
720 944 872 1031 profecto
901 966 967 1011 non
989 965 1107 1032 appro-
1177 982 1185 1005 i

10 1044 131 1135 lavit
150 1062 260 1148 neque
282 1057 481 1148 approbabit
501 1081 645 1147 unquam
659 1059 902 1129 sanctissimus
916 1062 1028 1146 Pater,
1050 1067 1108 1150 qui

25 1180 80 1253 de
104 1202 187 1249 sana
209 1186 244 1248 et
265 1177 372 1245 solida
393 1179 535 1244 scientia
555 1178 652 1246 idem¹
665 1178 810 1246 iudicare
833 1181 1019 1249 credendus
1041 1188 1108 1267 est,

31 1300 129 1389 quod
151 1297 348 1386 Episcopus
368 1297 676 1392 Argentoratensis‚
698 1299 732 1364 in
753 1301 849 1365 cuius
870 1297 1024 1387 Epistola
1045 1301 1109 1367 Pa·

35 1417 155 1487 storali
178 1416 341 1483 adversus
371 1413 592 1481 Bautaenium
623 1414 707 1515 llaec
735 1409 889 1504 leguntur
915 1419 1004 1505 (pag.
1028 1421 1109 1504 23):

36 1537 181 1621 „Nous
216 1533 275 1600 lui
309 1532 453 1610 dirnns
490 1556 585 1621 que,
621 1537 658 1601 si
691 1532 756 1603 les
793 1531 1018 1603 Chretiens
1052 1539 1110 1609 iu·

36 1657 191 1723 struits
223 1653 433 1718 n’avoient
465 1674 541 1739 pas
579 1652 652 1720 des
683 1675 864 1741 preuves
897 1650 1110 1723 certaines

38 1795 111 1840 sur
137 1748 413 1857 la'lteligiam
445 1766 483 1832 la
506 1790 717 1856 croyance
751 1771 824 1838 des
857 1771 1030 1858 simples
1053 1768 1111 1841 s'e·

40 1895 128 1955 rait
156 1889 244 1956 d’un
265 1909 443 1956 secours
474 1887 570 1954 bien
602 1890 732 1957 minoe
761 1910 863 1976 pour
891 1911 938 1955 en
961 1889 1111 1959 etablir

45 1981 84 2070 la
105 2007 271 2074 veritd.“
314 2005 383 2074 Est
404 2009 502 2094 igitur
523 2013 673 2074 nostrum
694 2010 835 2074 omnium
857 2007 965 2075 denuo
988 2013 1113 2096 excita-

40 2128 87 2192 tis
109 2131 144 2193 et
163 2129 335 2214 perpetuis
356 2125 484 2192 illorum
506 2128 650 2193 virorum
680 2123 879 2191 clamoribus
899 2147 966 2192 non
987 2127 1114 2196 turbari

40 2249 100 2310 aut
122 2244 163 2311 de
184 2227 278 2310 statu
300 2245 411 2326 defici,
433 2244 496 2310 sed
519 2249 655 2310 strenue
677 2242 856 2311 defendere
871 2250 906 2311 et
920 2245 1113 2315 confirmare

37 2362 234 2449 religionem
254 2361 452 2429 catholicam
474 2384 514 2428 eo
536 2361 646 2445 modo,
670 2383 737 2450 quo
758 2362 919 2450 Theologi
938 2371 1112 2450 praestan·

34 2482 162 2547 tissimi
190 2483 226 2544 et
252 2478 393 2544 antehac
419 2481 573 2548 fecerunt
601 2487 636 2548 et
663 2480 762 2547 hodic
789 2482 922 2548 iaciunt
967 2481 1035 2550 Est
1054 2505 1113 2553 no·

37 2606 151 2666 strum
173 2597 314 2663 nmmum
336 2598 409 2664 sine
430 2572 479 2667 ira
501 2604 537 2665 et
558 2599 681 2683 studio,
702 2620 768 2667 non
785 2602 946 2667 conviciis
963 2603 1115 2699 convicia

38 2718 246 2799 referentes,
279 2715 341 2782 sed
375 2724 641 2803 argumentorum
670 2718 818 2805 pondere
845 2719 987 2803 tamdiu,
1017 2742 1117 2808 quam

42 2853 185 2902 neeesse
209 2836 283 2917 erit,
310 2837 503 2921 impugnare
526 2856 597 2919 eos,
620 2838 689 2922 qui,
711 2836 788 2902 dum
808 2836 972 2922 prodesse
994 2858 1032 2904 se
1054 2862 1115 2926 pu-

42 2957 117 3018 tant
143 2949 311 3018 ecclesiae
347 2951 548 3037 catholicae,
579 2953 719 3019 eandem
746 2957 830 3020 risui
859 2962 1043 3041 exponunt,
1074 2979 1116 3026 ac
1219 3006 1221 3013 ,

40 3069 260 3158 pervulgatae
284 3090 397 3137 eorum
419 3073 582 3159 opinioni,
613 3074 670 3159 qui
693 3069 884 3139 catholicos
906 3076 1116 3160 turpissimae

41 3190 273 3276 superstitioni
303 3182 352 3255 et'
371 3186 636 3258 Caccutianismo
669 3189 824 3257 addictos
854 3211 933 3258 esse
966 3200 1117 3279 censent,

39 3308 116 3375 veri
136 3308 286 3393 speciem
308 3309 494 3380 conciliant
538 3309 674 3377 Utinam
696 3314 730 3375 et
751 3310 837 3396 ipsi,
860 3310 941 3397 quid
960 3332 1041 3377 vera
1062 3333 1119 3380 ec·

42 3426 170 3492 clesiae
200 3425 294 3498 salus
321 3426 488 3513 postulet,
521 3427 656 3494 tandem
686 3426 862 3521 aliquando
896 3430 1119 3515 cognoscant!

40 3547 169 3611 utinam
200 3544 367 3611 desistant
392 3565 413 3609 a
435 3546 632 3631 certamine,
665 3546 756 3634 quod
783 3545 856 3612 aliis
885 3544 1031 3615 lactitiae
1054 3554 1119 3633 est,

41 3661 131 3728 alios
146 3683 296 3731 moerore
311 3663 427 3747 afficit,
448 3663 561 3731 multis
577 3667 677 3733 etiam
689 3667 1007 3752 perniciosissimum
1022 3689 1120 3735 scan-

43 3779 156 3849 dalum
176 3777 336 3866 praebet!
364 3780 497 3850 Utinam
520 3790 658 3851 cessent
668 3806 730 3852 nos
743 3807 906 3853 accusare
926 3785 1121 3870 haereseos,

41 3895 241 3984 perturbare
262 3899 560 3987 sniumidedum,
583 3904 731 3970 excitare
746 3907 906 3971 maximas
922 3904 1121 3971 discordias!

45 4014 87 4078 Id
106 4015 163 4082 uhi
184 4014 296 4085 iacere
321 4022 505 4106 coeperint,
527 4042 591 4087 uos
613 4025 815 4109 paratissimi
836 4024 940 4089 simus
953 4025 1122 4110 porrigere

43 4152 163 4204 manus
192 4142 228 4204 et
255 4135 409 4205 oblivisci
438 4143 565 4226 omnia,
597 4130 684 4229 quae
711 4142 824 4209 durius
854 4147 997 4213 tractata
1015 4148 1122 4233 ·sunt·;
