2596 4778
510 258 513 267 '
589 279 668 344 alo

93 471 184 532 ratur
204 498 248 514 ·-
267 465 342 530 sive
370 461 414 529 ad
442 460 633 548 religionem
657 458 742 559 fides
770 463 876 551 ipsius
904 453 990 528 sive'
1003 461 1045 528 od
1066 440 1162 531 aliam
1212 496 1215 501 ⁴

93 601 326 672 quamcunque
348 602 417 648 rem
437 583 603 668 pertineat
622 618 665 631 -—
685 600 753 646 non
779 599 883 667 parva
910 583 966 646 est
986 577 1162 667 abnegatio

93 721 218 782 eorum,
241 718 327 785 quae
350 694 542 766 desiderant
563 719 683 766 sensus
705 700 827 765 nostri:
855 719 931 764 nam
951 698 1008 764 isti
1029 699 1162 784 quidem

95 818 172 885 dum
193 816 227 882 id
250 837 348 883 uuum
370 839 471 886 curae
491 816 634 901 habeut,
662 816 828 906 quomodo
855 816 1050 883 moveantur
1070 837 1090 880 a
1111 836 1163 883 rc·

93 934 173 1018 bus,
196 955 285 1020 quae
306 935 370 1001 suh
394 935 510 1004 oculos
534 935 667 1024 cadunt,
689 956 784 1003 mens
806 931 1164 1019 credula‘patiturilios
1215 980 1217 985 ,

95 1055 212 1120 contra
235 1051 359 1135 dicere,
382 1058 417 1119 et
433 1059 559 1141 sponte
581 1074 644 1120 sua
667 1075 706 1122 se
720 1051 840 1121 attollit
860 1050 904 1117 ad
925 1071 976 1134 ea,
998 1071 1084 1137 quae
1099 1050 1165 1119 sub

94 1169 213 1237 oculos
233 1190 301 1236 non
322 1168 455 1238 cadunt
497 1172 612 1260 Atque
632 1172 666 1238 in
685 1169 751 1236 hoc
772 1169 847 1255 ipso
870 1168 999 1234 demum
1020 1172 1165 1238 cernitur

93 1289 222 1354 veritas
244 1289 430 1355 sentcntiae
452 1286 557 1357 illius:
578 1287 731 1355 humilem
752 1285 850 1353 fidem
872 1306 950 1354 esse
970 1286 1116 1387 radicem
1130 1293 1167 1357 et
1247 1333 1250 1349 .

94 1403 317 1471 conditionem
337 1409 481 1473 omnium
501 1411 677 1474 virtutumr
704 1426 780 1472 nam
801 1425 917 1471 omnes
937 1405 1079 1475 virtutes
1100 1407 1165 1473 ori·

94 1528 196 1588 untur
218 1521 348 1589 demum
363 1523 449 1592 ultra
470 1546 629 1593 sensuum
649 1523 782 1609 limites,
803 1522 861 1589 uhi
880 1506 1018 1590 rationis
1040 1529 1095 1590 est
1114 1528 1168 1609 uqi

95 1640 167 1727 gio;
189 1645 291 1726 atque
312 1642 347 1708 in
366 1641 454 1710 hano
475 1647 572 1711 unice
594 1663 659 1710 nos
680 1643 840 1709 transfert
860 1640 954 1707 fides.
980 1643 1045 1709 ,Αἰ
1057 1641 1168 1731 seiani

95 1759 142 1823 tia
162 1757 321 1824 tumidum
342 1760 426 1826 iacit
446 1763 599 1846 animum,
622 1762 766 1848 ideoque
786 1758 864 1826 mali
883 1764 1034 1825 naturam
1053 1759 1165 1841 habet
1243 1827 1246 1834 ,

97 1874 264 1962 Equidem
285 1875 340 1943 illa
362 1881 523 1962 scientia,
544 1901 630 1966 quae
652 1876 897 1944 inconsiderate
918 1878 1103 1963 quaeritur„
1117 1880 1166 1945 in·

101 2000 199 2060 venta
217 2017 283 2063 nou
303 1995 516 2083 ponderatur,
538 2002 575 2063 et
593 2003 781 2084 propterea,
803 1995 1068 2081 quotiescunque
1089 2016 1167 2082 pro-

99 2133 250 2198 gressum
277 2112 421 2202 aliquem
447 2115 548 2196 facit,
581 2116 799 2201 cognitionem
827 2134 915 2180 novo
942 2111 1166 2179 additamento

97 2253 219 2318 augere
239 2210 388 2315 videtur,
408 2230 509 2313 haec,
531 2233 683 2316 inquam,
706 2208 862 2313 scicntia,
884 2231 1038 2316 quoniam
1059 2229 1167 2299 indies
1222 2220 1231 2231 ⁴

99 2349 271 2435 dilatatur,
301 2348 457 2432 facillime
489 2349 613 2414 fastum
644 2349 835 2415 cruditionis
867 2349 954 2434 parit
975 2349 1173 2435 excitatque·

43 2487 47 2498 ·
98 2473 269 2534 tumorem.
312 2465 435 2534 Atilia
458 2468 609 2551 scientia,
631 2488 717 2553 quae
732 2467 775 2533 ad
790 2471 947 2559 sauqtum¹
961 2463 1049 2530 hunc
1070 2445 1168 2531 finem

97 2587 287 2671 quaeritur,
315 2588 354 2651 ut
375 2584 544 2651 doctrinas
565 2605 642 2652 cum
667 2584 826 2651 naturalis
846 2590 917 2650 tum
936 2589 1169 2669 supernatura·

97 2700 141 2767 lis
162 2699 374 2787 revelationis
395 2701 496 2777 nobis
514 2704 707 2791 propositas
728 2705 918 2770 accuratius
938 2702 1168 2788 investigando
1233 2680 1235 2687 Ι

98 2823 325 2888 examinemus
347 2827 383 2888 et
402 2824 653 2909 persuasionem
668 2821 709 2889 de
725 2843 837 2898 earum
857 2821 998 2886 veritate
1013 2822 1074 2888 rite
1090 2841 1169 2887 oon·
1197 2812 1199 2819 ’

97 2937 277 3023 firmemus,
297 2938 381 3006 haec
399 2941 502 3025 igitur
523 2940 663 3006 scientia
685 2939 739 3006 vel
760 2960 834 3005 eam
848 2936 891 3004 ob
908 2956 1044 3003 causam
1064 2942 1169 3005 tume-

98 3058 213 3123 facere
233 3077 301 3125 nou
321 3061 452 3146 potest,
485 3060 563 3143 quia
588 3077 654 3123 nou
675 3058 750 3143 ipsa
775 3077 837 3144 pro
864 3054 928 3121 due
950 3059 1005 3120 est
1025 3055 1168 3151 sedpro

100 3176 253 3243 subsidio
283 3182 411 3263 tantum
443 3175 486 3242 ad
518 3174 616 3241 finem
646 3172 748 3262 multo
781 3170 939 3240 altiorem,
991 3171 1171 3249 Praeterea

100 3315 183 3361 vero
204 3294 307 3362 talem
327 3297 502 3361 scientiam
515 3294 624 3359 metiri
637 3312 703 3358 non
715 3289 795 3359 licet
810 3314 853 3359 ex
865 3289 1050 3374 latitudine,
1072 3313 1171 3378 quam
1277 3278 1280 3283 ¹

100 3416 202 3477 nacta
224 3417 296 3495 est,
317 3411 381 3478 sed
403 3432 446 3478 ex
466 3410 707 3498 profunditate,
734 3427 833 3495 quam
853 3391 982 3492 habet,
998 3429 1073 3474 nam
1093 3408 1172 3491 huic
1269 3488 1273 3497 ¹

101 3528 287 3614 respondet
309 3528 547 3612 adiumentum,
574 3526 665 3619 quod
683 3526 780 3593 affert
799 3524 843 3592 ad
863 3524 962 3592 fidem
983 3524 1170 3595 examinan-
1270 3538 1275 3551 '

102 3644 181 3711 dam
202 3651 237 3713 et
268 3627 539 3730 confirmandam
571 3644 755 3735 secundum
784 3643 870 3711 hanc
902 3649 1013 3711 autem
1040 3666 1171 3736 mensu-

101 3784 175 3828 ram
196 3767 302 3831 omnis
324 3765 467 3832 scicntia
486 3763 628 3858 humana
649 3762 824 3829 admodum
843 3782 958 3848 parva,
979 3765 1173 3851 rationeque

100 3864 217 3948 habita
238 3883 379 3968 impensi
398 3879 525 3948 laboris
542 3881 736 3953 tenuissima
750 3881 925 3963 invenitur,
940 3880 1026 3965 quae
1041 3880 1174 3968 quidem
1272 3972 1274 3979 Ι

105 3998 363 4082 animadversio,
385 3997 605 4082 mehercule,
628 4018 695 4082 uon
709 3998 1021 4087 gignittumorem.“
1131 4042 1134 4047 «

191 4118 239 4186 At
260 4116 455 4188 Hermesius
487 4115 684 4209 „inducit¹
709 4117 749 4183 iu
775 4113 1106 4215 scepticismum
1131 4120 1175 4183 et
1233 4168 1269 4213 ,ι
