<?xml version="1.0" encoding="UTF-8"?>
<!DOCTYPE html PUBLIC "-//W3C//DTD XHTML 1.0 Transitional//EN"
    "http://www.w3.org/TR/xhtml1/DTD/xhtml1-transitional.dtd">
<html xmlns="http://www.w3.org/1999/xhtml" xml:lang="en" lang="en">
 <head>
  <title>
</title>
<meta http-equiv="Content-Type" content="text/html;charset=utf-8" />
  <meta name='ocr-system' content='tesseract 3.04.00' />
  <meta name='ocr-capabilities' content='ocr_page ocr_carea ocr_par ocr_line ocrx_word'/>
</head>
<body>
  <div class='ocr_page' id='page_1' title='image "actahermesianaq00elvegoog_0085.png"; bbox 0 0 2514 4792; ppageno 0'>
   <div class='ocr_carea' id='block_1_1' title="bbox 371 450 927 577">
    <p class='ocr_par' dir='ltr' id='par_1_1' title="bbox 371 450 927 577">
     <span class='ocr_line' id='line_1_1' title="bbox 371 450 927 577; baseline -0.013 -1"><span class='ocrx_word' id='word_1_1' title='bbox 371 450 679 577; x_wconf 71' lang='lat' dir='ltr'><strong>conon</strong></span> <span class='ocrx_word' id='word_1_2' title='bbox 732 480 927 575; x_wconf 78' lang='lat' dir='ltr'><strong>vus.</strong></span> 
     </span>
    </p>
   </div>
   <div class='ocr_carea' id='block_1_2' title="bbox 94 670 1165 1865">
    <p class='ocr_par' dir='ltr' id='par_1_2' title="bbox 94 670 1165 1865">
     <span class='ocr_line' id='line_1_2' title="bbox 96 670 1096 763; baseline -0.011 -13"><span class='ocrx_word' id='word_1_3' title='bbox 96 670 358 749; x_wconf 70' lang='lat' dir='ltr'><strong>&#39;ostenditur</strong></span> <span class='ocrx_word' id='word_1_4' title='bbox 384 677 426 744; x_wconf 91' lang='lat' dir='ltr'><strong>in</strong></span> <span class='ocrx_word' id='word_1_5' title='bbox 452 674 674 763; x_wconf 89' lang='lat' dir='ltr'><strong>expositis</strong></span> <span class='ocrx_word' id='word_1_6' title='bbox 700 672 918 741; x_wconf 85' lang='lat' dir='ltr'><strong>Hermesii</strong></span> <span class='ocrx_word' id='word_1_7' title='bbox 949 670 1096 740; x_wconf 80' lang='lat' dir='ltr'><strong>sentent</strong></span> 
     </span>
     <span class='ocr_line' id='line_1_3' title="bbox 104 804 1091 899; baseline -0.01 -15"><span class='ocrx_word' id='word_1_8' title='bbox 104 814 155 884; x_wconf 72' lang='lat' dir='ltr'><strong>sle</strong></span> <span class='ocrx_word' id='word_1_9' title='bbox 175 813 262 883; x_wconf 84' lang='lat' dir='ltr'><strong>fido</strong></span> <span class='ocrx_word' id='word_1_10' title='bbox 293 809 399 879; x_wconf 85' lang='lat' dir='ltr'><strong>nihil</strong></span> <span class='ocrx_word' id='word_1_11' title='bbox 430 812 597 897; x_wconf 87' lang='lat' dir='ltr'><strong>inesse,</strong></span> <span class='ocrx_word' id='word_1_12' title='bbox 632 808 745 898; x_wconf 83' lang='lat' dir='ltr'><strong>quod</strong></span> <span class='ocrx_word' id='word_1_13' title='bbox 774 812 940 899; x_wconf 81' lang='lat' dir='ltr'><strong>pugnet</strong></span> <span class='ocrx_word' id='word_1_14' title='bbox 968 804 1091 875; x_wconf 90' lang='lat' dir='ltr'><strong>cnml</strong></span> 
     </span>
     <span class='ocr_line' id='line_1_4' title="bbox 102 910 1091 1033; baseline -0.008 -14"><span class='ocrx_word' id='word_1_15' title='bbox 102 951 218 1029; x_wconf 81' lang='lat' dir='ltr'><strong>trina</strong></span> <span class='ocrx_word' id='word_1_16' title='bbox 231 910 462 1019; x_wconf 81' lang='lat' dir='ltr'><strong>catholica.</strong></span> <span class='ocrx_word' id='word_1_17' title='bbox 504 941 581 1031; x_wconf 71' lang='lat' dir='ltr'><strong>§lui</strong></span> <span class='ocrx_word' id='word_1_18' title='bbox 600 943 903 1033; x_wconf 83' lang='lat' dir='ltr'><strong>Pelagianismi</strong></span> <span class='ocrx_word' id='word_1_19' title='bbox 923 943 1091 1015; x_wconf 86' lang='lat' dir='ltr'><strong>Hermesi</strong></span> 
     </span>
     <span class='ocr_line' id='line_1_5' title="bbox 98 1074 1163 1173; baseline -0.008 -18"><span class='ocrx_word' id='word_1_20' title='bbox 98 1089 389 1173; x_wconf 80' lang='lat' dir='ltr'><strong>¹accusarunt,</strong></span> <span class='ocrx_word' id='word_1_21' title='bbox 417 1100 492 1150; x_wconf 91' lang='lat' dir='ltr'><strong>res</strong></span> <span class='ocrx_word' id='word_1_22' title='bbox 518 1074 845 1150; x_wconf 85' lang='lat' dir='ltr'><strong>diversissimas</strong></span> <span class='ocrx_word' id='word_1_23' title='bbox 865 1082 1056 1157; x_wconf 74' lang='lat' dir='ltr'><strong>miscent</strong></span> <span class='ocrx_word' id='word_1_24' title='bbox 1084 1076 1113 1151; x_wconf 85' lang='lat' dir='ltr'><strong>l¹</strong></span> <span class='ocrx_word' id='word_1_25' title='bbox 1160 1076 1163 1083; x_wconf 85' lang='lat'>&#39;</span> 
     </span>
     <span class='ocr_line' id='line_1_6' title="bbox 94 1198 1164 1306; baseline -0.012 -13"><span class='ocrx_word' id='word_1_26' title='bbox 94 1221 318 1305; x_wconf 73' lang='lat' dir='ltr'><strong>stimuum,</strong></span> <span class='ocrx_word' id='word_1_27' title='bbox 359 1238 412 1287; x_wconf 88' lang='lat' dir='ltr'><strong>ex</strong></span> <span class='ocrx_word' id='word_1_28' title='bbox 447 1215 604 1306; x_wconf 86' lang='lat' dir='ltr'><strong>quibus</strong></span> <span class='ocrx_word' id='word_1_29' title='bbox 640 1221 819 1304; x_wconf 87' lang='lat' dir='ltr'><strong>apparet</strong></span> <span class='ocrx_word' id='word_1_30' title='bbox 850 1216 1094 1303; x_wconf 85' lang='lat' dir='ltr'><strong>praestantis</strong></span> <span class='ocrx_word' id='word_1_31' title='bbox 1152 1198 1164 1258; x_wconf 66' lang='grc' dir='ltr'>ἶ</span> 
     </span>
     <span class='ocr_line' id='line_1_7' title="bbox 98 1340 1102 1441; baseline -0.008 -16"><span class='ocrx_word' id='word_1_32' title='bbox 98 1340 479 1441; x_wconf 73' lang='lat' dir='ltr'><strong>mos‘Theologos,</strong></span> <span class='ocrx_word' id='word_1_33' title='bbox 506 1352 698 1439; x_wconf 81' lang='lat' dir='ltr'><strong>inprimis</strong></span> <span class='ocrx_word' id='word_1_34' title='bbox 731 1350 997 1440; x_wconf 82' lang='lat' dir='ltr'><strong>Episcopum</strong></span> <span class='ocrx_word' id='word_1_35' title='bbox 1024 1353 1102 1438; x_wconf 72' lang='lat' dir='ltr'><strong>Arge</strong></span> 
     </span>
     <span class='ocr_line' id='line_1_8' title="bbox 97 1482 1122 1577; baseline -0.011 -18"><span class='ocrx_word' id='word_1_36' title='bbox 97 1492 371 1559; x_wconf 87' lang='lat' dir='ltr'><strong>torotensem</strong></span> <span class='ocrx_word' id='word_1_37' title='bbox 390 1488 432 1553; x_wconf 91' lang='lat' dir='ltr'><strong>in</strong></span> <span class='ocrx_word' id='word_1_38' title='bbox 457 1484 665 1574; x_wconf 80' lang='lat' dir='ltr'><strong>Epistola</strong></span> <span class='ocrx_word' id='word_1_39' title='bbox 685 1484 911 1555; x_wconf 83' lang='lat' dir='ltr'><strong>Pastorall</strong></span> <span class='ocrx_word' id='word_1_40' title='bbox 933 1508 957 1555; x_wconf 89' lang='lat' dir='ltr'><strong>a</strong></span> <span class='ocrx_word' id='word_1_41' title='bbox 977 1482 1122 1577; x_wconf 74' lang='lat' dir='ltr'><strong>Gregorio</strong></span> 
     </span>
     <span class='ocr_line' id='line_1_9' title="bbox 97 1618 1165 1725; baseline -0.012 -28"><span class='ocrx_word' id='word_1_42' title='bbox 97 1622 194 1697; x_wconf 70' lang='lat' dir='ltr'><strong>xvi</strong></span> <span class='ocrx_word' id='word_1_43' title='bbox 210 1620 454 1711; x_wconf 83' lang='lat' dir='ltr'><strong>approbata,</strong></span> <span class='ocrx_word' id='word_1_44' title='bbox 486 1619 740 1711; x_wconf 81' lang='lat' dir='ltr'><strong>plane-idem</strong></span> <span class='ocrx_word' id='word_1_45' title='bbox 761 1626 890 1711; x_wconf 88' lang='lat' dir='ltr'><strong>atque</strong></span> <span class='ocrx_word' id='word_1_46' title='bbox 911 1618 1124 1691; x_wconf 78' lang='lat' dir='ltr'><strong>Hermesion</strong></span> <span class='ocrx_word' id='word_1_47' title='bbox 1157 1658 1165 1725; x_wconf 46' lang='grc' dir='ltr'><strong>ι</strong></span> 
     </span>
     <span class='ocr_line' id='line_1_10' title="bbox 96 1754 1126 1865; baseline -0.002 -38"><span class='ocrx_word' id='word_1_48' title='bbox 96 1760 263 1830; x_wconf 87' lang='lat' dir='ltr'><strong>sentire</strong></span> <span class='ocrx_word' id='word_1_49' title='bbox 285 1756 336 1825; x_wconf 85' lang='lat' dir='ltr'><strong>de</strong></span> <span class='ocrx_word' id='word_1_50' title='bbox 357 1758 666 1826; x_wconf 91' lang='lat' dir='ltr'><strong>coniunctione</strong></span> <span class='ocrx_word' id='word_1_51' title='bbox 688 1754 794 1826; x_wconf 84' lang='lat' dir='ltr'><strong>fidei</strong></span> <span class='ocrx_word' id='word_1_52' title='bbox 820 1755 998 1831; x_wconf 84' lang='lat' dir='ltr'><strong>divinae</strong></span> <span class='ocrx_word' id='word_1_53' title='bbox 1011 1772 1126 1865; x_wconf 73' lang='lat' dir='ltr'><strong>conns·</strong></span> 
     </span>
    </p>
   </div>
   <div class='ocr_carea' id='block_1_3' title="bbox 95 1866 1123 1981">
    <p class='ocr_par' dir='ltr' id='par_1_3' title="bbox 95 1866 1123 1981">
     <span class='ocr_line' id='line_1_11' title="bbox 95 1866 1123 1981; baseline -0.007 -19"><span class='ocrx_word' id='word_1_54' title='bbox 95 1895 216 1965; x_wconf 85' lang='lat' dir='ltr'><strong>tione</strong></span> <span class='ocrx_word' id='word_1_55' title='bbox 235 1892 419 1965; x_wconf 82' lang='lat' dir='ltr'><strong>hnmana</strong></span> <span class='ocrx_word' id='word_1_56' title='bbox 441 1891 533 1981; x_wconf 92' lang='lat' dir='ltr'><strong>Ipsi</strong></span> <span class='ocrx_word' id='word_1_57' title='bbox 554 1897 837 1961; x_wconf 80' lang='lat' dir='ltr'><strong>accusatores</strong></span> <span class='ocrx_word' id='word_1_58' title='bbox 859 1866 1123 1967; x_wconf 75' lang='lat' dir='ltr'><strong>adhaerelcunt</strong></span> 
     </span>
    </p>
   </div>
   <div class='ocr_carea' id='block_1_4' title="bbox 343 2026 1056 2117">
    <p class='ocr_par' dir='ltr' id='par_1_4' title="bbox 343 2026 1056 2117">
     <span class='ocr_line' id='line_1_12' title="bbox 343 2026 1056 2117; baseline 0.004 -20"><span class='ocrx_word' id='word_1_59' title='bbox 343 2026 621 2117; x_wconf 87' lang='lat' dir='ltr'><strong>opinionibus</strong></span> <span class='ocrx_word' id='word_1_60' title='bbox 650 2027 934 2116; x_wconf 64' lang='lat' dir='ltr'><strong>pravissimis</strong></span> <span class='ocrx_word' id='word_1_61' title='bbox 1048 2038 1056 2059; x_wconf 80' lang='lat'>⁸</span> 
     </span>
    </p>
   </div>
   <div class='ocr_carea' id='block_1_5' title="bbox 300 2260 1143 2713">
    <p class='ocr_par' dir='ltr' id='par_1_5' title="bbox 300 2260 1143 2713">
     <span class='ocr_line' id='line_1_13' title="bbox 300 2260 1135 2356; baseline -0.001 -20"><span class='ocrx_word' id='word_1_62' title='bbox 300 2280 333 2336; x_wconf 85' lang='lat' dir='ltr'><strong>ln</strong></span> <span class='ocrx_word' id='word_1_63' title='bbox 348 2284 431 2354; x_wconf 79' lang='lat' dir='ltr'><strong>plano</strong></span> <span class='ocrx_word' id='word_1_64' title='bbox 451 2287 587 2353; x_wconf 76' lang='lat' dir='ltr'><strong>quaerunt</strong></span> <span class='ocrx_word' id='word_1_65' title='bbox 602 2280 737 2351; x_wconf 78' lang='lat' dir='ltr'><strong>salebras,</strong></span> <span class='ocrx_word' id='word_1_66' title='bbox 757 2283 789 2337; x_wconf 84' lang='lat' dir='ltr'><strong>in</strong></span> <span class='ocrx_word' id='word_1_67' title='bbox 803 2286 902 2356; x_wconf 67' lang='lat' dir='ltr'><strong>{scirpo</strong></span> <span class='ocrx_word' id='word_1_68' title='bbox 922 2284 1036 2341; x_wconf 76' lang='lat' dir='ltr'><strong>nodum.</strong></span> <span class='ocrx_word' id='word_1_69' title='bbox 1064 2260 1135 2339; x_wconf 65' lang='lat' dir='ltr'><strong>sl&#39;o</strong></span> 
     </span>
     <span class='ocr_line' id='line_1_14' title="bbox 301 2369 1137 2443; baseline 0.004 -23"><span class='ocrx_word' id='word_1_70' title='bbox 301 2375 419 2425; x_wconf 82' lang='lat' dir='ltr'><strong>truncos,</strong></span> <span class='ocrx_word' id='word_1_71' title='bbox 435 2385 530 2422; x_wconf 78' lang='lat' dir='ltr'><strong>sensus</strong></span> <span class='ocrx_word' id='word_1_72' title='bbox 547 2369 714 2439; x_wconf 83' lang='lat' dir='ltr'><strong>Scriptorum</strong></span> <span class='ocrx_word' id='word_1_73' title='bbox 732 2371 816 2422; x_wconf 75' lang='lat' dir='ltr'><strong>sorba</strong></span> <span class='ocrx_word' id='word_1_74' title='bbox 832 2371 1031 2443; x_wconf 80' lang='lat' dir='ltr'><strong>obtorquentur</strong></span> <span class='ocrx_word' id='word_1_75' title='bbox 1045 2378 1070 2427; x_wconf 83' lang='lat' dir='ltr'><strong>et</strong></span> <span class='ocrx_word' id='word_1_76' title='bbox 1082 2380 1137 2423; x_wconf 70' lang='lat' dir='ltr'><strong>m</strong></span> 
     </span>
     <span class='ocr_line' id='line_1_15' title="bbox 301 2448 1139 2529; baseline 0.012 -25"><span class='ocrx_word' id='word_1_77' title='bbox 301 2470 377 2506; x_wconf 87' lang='lat' dir='ltr'><strong>meos</strong></span> <span class='ocrx_word' id='word_1_78' title='bbox 396 2454 524 2516; x_wconf 86' lang='lat' dir='ltr'><strong>cluditur,</strong></span> <span class='ocrx_word' id='word_1_79' title='bbox 542 2459 574 2505; x_wconf 88' lang='lat' dir='ltr'><strong>nt</strong></span> <span class='ocrx_word' id='word_1_80' title='bbox 591 2454 774 2508; x_wconf 75' lang='lat' dir='ltr'><strong>criminationi</strong></span> <span class='ocrx_word' id='word_1_81' title='bbox 790 2456 902 2510; x_wconf 77' lang='lat' dir='ltr'><strong>tandem</strong></span> <span class='ocrx_word' id='word_1_82' title='bbox 919 2464 1005 2529; x_wconf 79' lang='lat' dir='ltr'><strong>atquc</strong></span> <span class='ocrx_word' id='word_1_83' title='bbox 1015 2448 1139 2513; x_wconf 61' lang='grc' dir='ltr'><strong>ΜΗ</strong></span> 
     </span>
     <span class='ocr_line' id='line_1_16' title="bbox 301 2536 1092 2609; baseline 0.009 -18"><span class='ocrx_word' id='word_1_84' title='bbox 301 2539 340 2591; x_wconf 81' lang='lat' dir='ltr'><strong>sit</strong></span> <span class='ocrx_word' id='word_1_85' title='bbox 355 2539 455 2609; x_wconf 78' lang='lat' dir='ltr'><strong>aliquis</strong></span> <span class='ocrx_word' id='word_1_86' title='bbox 471 2540 559 2595; x_wconf 76' lang='lat' dir='ltr'><strong>locus.</strong></span> <span class='ocrx_word' id='word_1_87' title='bbox 1086 2536 1092 2549; x_wconf 82' lang='lat'>&#39;</span> 
     </span>
     <span class='ocr_line' id='line_1_17' title="bbox 556 2636 1143 2713; baseline 0.01 -18"><span class='ocrx_word' id='word_1_88' title='bbox 556 2648 694 2696; x_wconf 71' lang='lat' dir='ltr'><strong>Merctor·</strong></span> <span class='ocrx_word' id='word_1_89' title='bbox 711 2650 746 2697; x_wconf 78' lang='lat' dir='ltr'><strong>de</strong></span> <span class='ocrx_word' id='word_1_90' title='bbox 761 2650 826 2713; x_wconf 68' lang='lat' dir='ltr'><strong>Ino·</strong></span> <span class='ocrx_word' id='word_1_91' title='bbox 843 2650 920 2699; x_wconf 71' lang='lat' dir='ltr'><strong>Mod.</strong></span> <span class='ocrx_word' id='word_1_92' title='bbox 938 2647 990 2701; x_wconf 69' lang='lat' dir='ltr'><strong>lit.</strong></span> <span class='ocrx_word' id='word_1_93' title='bbox 1009 2655 1050 2701; x_wconf 80' lang='grc' dir='ltr'><strong>Π.</strong></span> <span class='ocrx_word' id='word_1_94' title='bbox 1067 2636 1143 2710; x_wconf 63' lang='lat' dir='ltr'><strong>conl</strong></span> 
     </span>
    </p>
   </div>
   <div class='ocr_carea' id='block_1_6' title="bbox 90 2850 1168 4136">
    <p class='ocr_par' dir='ltr' id='par_1_6' title="bbox 90 2850 1168 4136">
     <span class='ocr_line' id='line_1_18' title="bbox 178 2850 1167 2951; baseline 0 -20"><span class='ocrx_word' id='word_1_95' title='bbox 178 2850 326 2931; x_wconf 71' lang='lat' dir='ltr'><strong>Errasse</strong></span> <span class='ocrx_word' id='word_1_96' title='bbox 347 2856 544 2929; x_wconf 87' lang='lat' dir='ltr'><strong>Hermesius</strong></span> <span class='ocrx_word' id='word_1_97' title='bbox 565 2860 686 2929; x_wconf 84' lang='lat' dir='ltr'><strong>dicitur</strong></span> <span class='ocrx_word' id='word_1_98' title='bbox 706 2863 822 2947; x_wconf 87' lang='lat' dir='ltr'><strong>„circa</strong></span> <span class='ocrx_word' id='word_1_99' title='bbox 842 2868 1014 2951; x_wconf 79' lang='lat' dir='ltr'><strong>gratiae</strong></span> <span class='ocrx_word' id='word_1_100' title='bbox 1039 2882 1167 2937; x_wconf 82' lang='lat' dir='ltr'><strong>neces.</strong></span> 
     </span>
     <span class='ocr_line' id='line_1_19' title="bbox 92 2978 1155 3076; baseline 0.008 -29"><span class='ocrx_word' id='word_1_101' title='bbox 92 2978 302 3048; x_wconf 83' lang='lat' dir='ltr'><strong>sitotcm.“</strong></span> <span class='ocrx_word' id='word_1_102' title='bbox 345 2978 412 3046; x_wconf 86' lang='lat' dir='ltr'><strong>Vix</strong></span> <span class='ocrx_word' id='word_1_103' title='bbox 440 2978 585 3047; x_wconf 81' lang='lat' dir='ltr'><strong>dubitari</strong></span> <span class='ocrx_word' id='word_1_104' title='bbox 603 2986 738 3069; x_wconf 84' lang='lat' dir='ltr'><strong>potest,</strong></span> <span class='ocrx_word' id='word_1_105' title='bbox 765 2983 845 3069; x_wconf 88' lang='lat' dir='ltr'><strong>quin</strong></span> <span class='ocrx_word' id='word_1_106' title='bbox 865 2985 934 3051; x_wconf 81' lang='lat' dir='ltr'><strong>isia</strong></span> <span class='ocrx_word' id='word_1_107' title='bbox 962 2983 1155 3076; x_wconf 65' lang='lat' dir='ltr'><strong>repansos·-</strong></span> 
     </span>
     <span class='ocr_line' id='line_1_20' title="bbox 92 3094 1158 3187; baseline 0.01 -23"><span class='ocrx_word' id='word_1_108' title='bbox 92 3100 232 3187; x_wconf 82' lang='lat' dir='ltr'><strong>spectet</strong></span> <span class='ocrx_word' id='word_1_109' title='bbox 249 3094 295 3163; x_wconf 86' lang='lat' dir='ltr'><strong>ad</strong></span> <span class='ocrx_word' id='word_1_110' title='bbox 313 3094 482 3165; x_wconf 82' lang='lat' dir='ltr'><strong>Hermesii</strong></span> <span class='ocrx_word' id='word_1_111' title='bbox 502 3096 688 3166; x_wconf 82' lang='lat' dir='ltr'><strong>doctrinam</strong></span> <span class='ocrx_word' id='word_1_112' title='bbox 709 3097 753 3167; x_wconf 88' lang='lat' dir='ltr'><strong>de</strong></span> <span class='ocrx_word' id='word_1_113' title='bbox 773 3098 862 3169; x_wconf 83' lang='lat' dir='ltr'><strong>lide</strong></span> <span class='ocrx_word' id='word_1_114' title='bbox 882 3100 1038 3175; x_wconf 81' lang='lat' dir='ltr'><strong>divina.</strong></span> <span class='ocrx_word' id='word_1_115' title='bbox 1074 3106 1158 3177; x_wconf 70' lang='lat' dir='ltr'><strong>Son·</strong></span> 
     </span>
     <span class='ocr_line' id='line_1_21' title="bbox 90 3211 1162 3315; baseline 0.01 -35"><span class='ocrx_word' id='word_1_116' title='bbox 90 3215 192 3303; x_wconf 70' lang='lat' dir='ltr'><strong>igitur</strong></span> <span class='ocrx_word' id='word_1_117' title='bbox 212 3211 301 3281; x_wconf 83' lang='lat' dir='ltr'><strong>hanc</strong></span> <span class='ocrx_word' id='word_1_118' title='bbox 321 3215 523 3283; x_wconf 84' lang='lat' dir='ltr'><strong>sententiam</strong></span> <span class='ocrx_word' id='word_1_119' title='bbox 543 3214 707 3286; x_wconf 72' lang='lat' dir='ltr'><strong>subesset</strong></span> <span class='ocrx_word' id='word_1_120' title='bbox 737 3216 961 3303; x_wconf 83' lang='lat' dir='ltr'><strong>„llermcslus</strong></span> <span class='ocrx_word' id='word_1_121' title='bbox 981 3222 1105 3315; x_wconf 88' lang='lat' dir='ltr'><strong>lapsus</strong></span> <span class='ocrx_word' id='word_1_122' title='bbox 1121 3226 1162 3291; x_wconf 85' lang='lat' dir='ltr'><strong>esl</strong></span> 
     </span>
     <span class='ocr_line' id='line_1_22' title="bbox 91 3329 1163 3431; baseline 0.009 -30"><span class='ocrx_word' id='word_1_123' title='bbox 91 3332 128 3401; x_wconf 88' lang='lat' dir='ltr'><strong>in</strong></span> <span class='ocrx_word' id='word_1_124' title='bbox 147 3329 500 3417; x_wconf 84' lang='lat' dir='ltr'><strong>Pelagianismum</strong></span> <span class='ocrx_word' id='word_1_125' title='bbox 520 3339 579 3400; x_wconf 88' lang='lat' dir='ltr'><strong>aut</strong></span> <span class='ocrx_word' id='word_1_126' title='bbox 600 3333 720 3402; x_wconf 88' lang='lat' dir='ltr'><strong>saltem</strong></span> <span class='ocrx_word' id='word_1_127' title='bbox 740 3337 775 3403; x_wconf 90' lang='lat' dir='ltr'><strong>in</strong></span> <span class='ocrx_word' id='word_1_128' title='bbox 795 3335 1163 3431; x_wconf 70' lang='lat' dir='ltr'><strong>¹semipelagianis·</strong></span> 
     </span>
     <span class='ocr_line' id='line_1_23' title="bbox 91 3448 1166 3551; baseline 0.018 -37"><span class='ocrx_word' id='word_1_129' title='bbox 91 3456 212 3532; x_wconf 67' lang='lat' dir='ltr'><strong>mum}</strong></span> <span class='ocrx_word' id='word_1_130' title='bbox 232 3451 371 3537; x_wconf 73' lang='lat' dir='ltr'><strong>negavIt</strong></span> <span class='ocrx_word' id='word_1_131' title='bbox 391 3448 490 3517; x_wconf 76' lang='lat' dir='ltr'><strong>fidem</strong></span> <span class='ocrx_word' id='word_1_132' title='bbox 511 3450 674 3537; x_wconf 84' lang='lat' dir='ltr'><strong>divinam,</strong></span> <span class='ocrx_word' id='word_1_133' title='bbox 696 3455 769 3521; x_wconf 82' lang='lat' dir='ltr'><strong>sine</strong></span> <span class='ocrx_word' id='word_1_134' title='bbox 790 3475 859 3542; x_wconf 84' lang='lat' dir='ltr'><strong>qua</strong></span> <span class='ocrx_word' id='word_1_135' title='bbox 878 3454 970 3529; x_wconf 89' lang='lat' dir='ltr'><strong>nulla</strong></span> <span class='ocrx_word' id='word_1_136' title='bbox 990 3461 1090 3531; x_wconf 84' lang='lat' dir='ltr'><strong>salus</strong></span> <span class='ocrx_word' id='word_1_137' title='bbox 1111 3466 1166 3551; x_wconf 69' lang='lat' dir='ltr'><strong>esi,</strong></span> 
     </span>
     <span class='ocr_line' id='line_1_24' title="bbox 93 3565 1167 3667; baseline 0.013 -32"><span class='ocrx_word' id='word_1_138' title='bbox 93 3586 175 3635; x_wconf 86' lang='lat' dir='ltr'><strong>csse</strong></span> <span class='ocrx_word' id='word_1_139' title='bbox 201 3569 380 3654; x_wconf 81' lang='lat' dir='ltr'><strong>gratuitum</strong></span> <span class='ocrx_word' id='word_1_140' title='bbox 408 3566 478 3634; x_wconf 85' lang='lat' dir='ltr'><strong>Dei</strong></span> <span class='ocrx_word' id='word_1_141' title='bbox 505 3565 629 3639; x_wconf 82' lang='lat' dir='ltr'><strong>donum</strong></span> <span class='ocrx_word' id='word_1_142' title='bbox 658 3572 929 3663; x_wconf 79' lang='lat' dir='ltr'><strong>supernaturale,</strong></span> <span class='ocrx_word' id='word_1_143' title='bbox 964 3582 1109 3667; x_wconf 75' lang='lat' dir='ltr'><strong>negavit</strong></span> <span class='ocrx_word' id='word_1_144' title='bbox 1130 3576 1167 3649; x_wconf 78' lang='lat' dir='ltr'><strong>sl</strong></span> 
     </span>
     <span class='ocr_line' id='line_1_25' title="bbox 91 3681 1166 3791; baseline 0.018 -41"><span class='ocrx_word' id='word_1_145' title='bbox 91 3683 180 3757; x_wconf 87' lang='lat' dir='ltr'><strong>hanc</strong></span> <span class='ocrx_word' id='word_1_146' title='bbox 201 3681 300 3753; x_wconf 78' lang='lat' dir='ltr'><strong>fillcm</strong></span> <span class='ocrx_word' id='word_1_147' title='bbox 320 3685 569 3773; x_wconf 83' lang='lat' dir='ltr'><strong>suscipiendam</strong></span> <span class='ocrx_word' id='word_1_148' title='bbox 591 3695 626 3757; x_wconf 89' lang='lat' dir='ltr'><strong>et</strong></span> <span class='ocrx_word' id='word_1_149' title='bbox 638 3689 840 3759; x_wconf 80' lang='lat' dir='ltr'><strong>servandam</strong></span> <span class='ocrx_word' id='word_1_150' title='bbox 859 3714 947 3781; x_wconf 88' lang='lat' dir='ltr'><strong>opus</strong></span> <span class='ocrx_word' id='word_1_151' title='bbox 969 3714 1056 3767; x_wconf 85' lang='lat' dir='ltr'><strong>csse</strong></span> <span class='ocrx_word' id='word_1_152' title='bbox 1076 3720 1166 3791; x_wconf 75' lang='lat' dir='ltr'><strong>sope-</strong></span> 
     </span>
     <span class='ocr_line' id='line_1_26' title="bbox 92 3802 1157 3890; baseline 0.015 -22"><span class='ocrx_word' id='word_1_153' title='bbox 92 3804 180 3871; x_wconf 88' lang='lat' dir='ltr'><strong>riore</strong></span> <span class='ocrx_word' id='word_1_154' title='bbox 201 3802 345 3890; x_wconf 84' lang='lat' dir='ltr'><strong>quodam</strong></span> <span class='ocrx_word' id='word_1_155' title='bbox 365 3804 479 3871; x_wconf 84' lang='lat' dir='ltr'><strong>afflatu</strong></span> <span class='ocrx_word' id='word_1_156' title='bbox 502 3803 632 3890; x_wconf 84' lang='lat' dir='ltr'><strong>divin03</strong></span> <span class='ocrx_word' id='word_1_157' title='bbox 652 3806 746 3876; x_wconf 89' lang='lat' dir='ltr'><strong>solas</strong></span> <span class='ocrx_word' id='word_1_158' title='bbox 766 3808 936 3883; x_wconf 82' lang='lat' dir='ltr'><strong>naturales</strong></span> <span class='ocrx_word' id='word_1_159' title='bbox 958 3811 1157 3889; x_wconf 82' lang='lat' dir='ltr'><strong>hominisvi</strong></span> 
     </span>
     <span class='ocr_line' id='line_1_27' title="bbox 91 3919 1168 4027; baseline 0.016 -40"><span class='ocrx_word' id='word_1_160' title='bbox 91 3938 148 3987; x_wconf 83' lang='lat' dir='ltr'><strong>res</strong></span> <span class='ocrx_word' id='word_1_161' title='bbox 170 3920 300 3985; x_wconf 90' lang='lat' dir='ltr'><strong>omnino</strong></span> <span class='ocrx_word' id='word_1_162' title='bbox 322 3919 478 3989; x_wconf 84' lang='lat' dir='ltr'><strong>sufficere</strong></span> <span class='ocrx_word' id='word_1_163' title='bbox 501 3923 706 3991; x_wconf 78' lang='lat' dir='ltr'><strong>contendit-‘⁶</strong></span> <span class='ocrx_word' id='word_1_164' title='bbox 749 3923 881 4012; x_wconf 76' lang='lat' dir='ltr'><strong>Quaero</strong></span> <span class='ocrx_word' id='word_1_165' title='bbox 908 3951 952 3997; x_wconf 83' lang='lat' dir='ltr'><strong>ex</strong></span> <span class='ocrx_word' id='word_1_166' title='bbox 973 3931 1100 4023; x_wconf 85' lang='lat' dir='ltr'><strong>Vobis,</strong></span> <span class='ocrx_word' id='word_1_167' title='bbox 1119 3935 1168 4027; x_wconf 64' lang='grc' dir='ltr'><strong>«μ’</strong></span> 
     </span>
     <span class='ocr_line' id='line_1_28' title="bbox 91 4033 1166 4136; baseline 0.016 -31"><span class='ocrx_word' id='word_1_168' title='bbox 91 4033 301 4106; x_wconf 84' lang='lat' dir='ltr'><strong>Hermesinm</strong></span> <span class='ocrx_word' id='word_1_169' title='bbox 322 4041 563 4108; x_wconf 86' lang='lat' dir='ltr'><strong>accusavistis:</strong></span> <span class='ocrx_word' id='word_1_170' title='bbox 596 4040 677 4128; x_wconf 79' lang='lat' dir='ltr'><strong>quid</strong></span> <span class='ocrx_word' id='word_1_171' title='bbox 706 4042 841 4114; x_wconf 85' lang='lat' dir='ltr'><strong>tandem</strong></span> <span class='ocrx_word' id='word_1_172' title='bbox 862 4054 1052 4136; x_wconf 81' lang='lat' dir='ltr'><strong>argumenti</strong></span> <span class='ocrx_word' id='word_1_173' title='bbox 1072 4052 1166 4125; x_wconf 71' lang='lat' dir='ltr'><strong>taos</strong></span> 
     </span>
    </p>
   </div>
   <div class='ocr_carea' id='block_1_7' title="bbox 0 0 1262 4792">
    <p class='ocr_par' dir='ltr' id='par_1_7' title="bbox 0 0 1262 4792">
     <span class='ocr_line' id='line_1_29' title="bbox 0 0 1262 4792; baseline 0 2"><span class='ocrx_word' id='word_1_174' title='bbox 0 0 1262 4792; x_wconf 95' lang='lat' dir='ltr'><strong> </strong></span> 
     </span>
    </p>
   </div>
  </div>
 </body>
</html>
