2596 4778
471 352 473 357 ¹
569 271 649 338 aaa

68 455 321 539 Acbterleldtii,
354 458 411 543 qui
425 453 543 522 edidit
569 454 735 523 Hermesii
748 454 886 540 libros„
911 454 1141 530 Catachismus

69 579 177 644 forma
190 575 305 641 maiori
325 594 391 639 non
412 571 518 639 solum
538 571 637 640 valde
652 573 855 660 approbatus
877 576 1141 666 (videpdlnot),

71 693 138 762 sed
164 695 263 790 etiam
289 712 351 778 per
371 696 473 758 totam
500 688 685 757 Dioeccsin
705 692 931 759 Varmiensem
958 693 1144 767 Celsissirni

69 811 242 880 Praesulis
263 812 357 876 iussu
384 807 595 875 introductus
617 814 652 877 et
671 812 777 896 nuper
802 810 909 877 denuo
933 815 1142 882 commenda·
1211 879 1213 883 ,
1277 900 1280 906 ,

68 939 128 998 tus
151 937 214 997 est
257 923 785 1015 ReverendissimusEpiscopus
800 926 1062 1016 Lirnburgensis,
1085 934 1143 1020 qui

70 1049 160 1115 bene
186 1043 308 1112 multos
335 1032 550 1110 ioDioecesi
577 1063 639 1109 sua
660 1022 837 1112 animarum
859 1047 1023 1116 Pastores·
1039 1049 1146 1118 babet
1279 1063 1281 1067 ’

73 1189 93 1234 e
116 1163 290 1251 disciplina
310 1162 530 1230 Hermesiaua
552 1182 724 1248 egressos,
753 1163 815 1231 has
836 1164 966 1233 litteras
988 1166 1080 1234 dedit
1099 1167 1144 1234 ad
1231 1223 1234 1238 ,

71 1274 239 1352 Hermesii
260 1284 415 1347 amicum:
459 1281 604 1367 „Nuper
623 1281 658 1346 in
678 1263 757 1347 lolio
785 1282 934 1369 quodam
949 1282 1144 1371 Ephemeri·

73 1404 152 1469 dum
174 1399 418 1467 catholicarum
439 1396 802 1486 schafnaburgensium
831 1394 1144 1470 cumadmiratione

67 1521 140 1608 legi
167 1519 296 1585 litteras
316 1516 552 1605 Apostolioas‚
585 1517 769 1584 secundum
797 1538 882 1604 quas
909 1519 1037 1605 scripta
1057 1521 1162 1587 Hes·

34 1644 39 1649 '
72 1639 168 1706 masii
189 1637 396 1704 Professoris
417 1639 524 1700 morte
551 1632 701 1701 defuncti
720 1635 848 1705 Romae
871 1635 1025 1704 damnata
1046 1644 1149 1726 atquc

74 1761 110 1823 in
129 1756 272 1825 indicem
292 1754 448 1827 libroruin
468 1750 708 1842 prohibitorum
722 1752 827 1819 relata
848 1760 935 1821 sunt
979 1753 1160 1843 Equidem·

76 1897 149 1940 non
167 1878 322 1941 accurate
343 1875 479 1961 cognita
498 1869 796 1938 babeo'Hermesii
817 1872 965 1967 defuncti
984 1853 1155 1952 Doctoris·
1260 1872 1263 1879 ’

82 1993 216 2077 scripta,
233 1992 344 2076 'seque
359 1989 519 2057 ridttacile
541 1991 717 2076 quisquam
738 1989 816 2056 mihi
835 1992 918 2057 vitio
939 1979 1064 2057 tribuet
1083 2011 1159 2079 pro?
1270 2057 1275 2075 ,

77 2130 120 2175 ca
142 2113 266 2199 aetate,
298 2107 341 2174 ad
363 2129 462 2194 quam
482 2113 663 2194 provectus
685 2127 784 2191 sum,·
810 2114 845 2175 et
864 2128 925 2195 pro
947 2128 1066 2195 magna
1085 2130 1147 2175 ne-

28 2211 31 2222 ’
76 2228 240 2312 gotiorum
260 2223 480 2307 multitudine,
502 2223 625 2311 quibus
641 2222 762 2290 abhinc
778 2224 938 2293 decennio
960 2232 1147 2314 occupatus

32 2317 37 2323 ’
75 2352 201 2410 teneor.
244 2332 321 2410 Hoc
343 2348 454 2410 autem
475 2348 568 2409 certo
591 2344 676 2425 scio,
698 2341 785 2437 illius
808 2342 1066 2430 discipulos,
1090 2345 1148 2431 qui

75 2465 112 2528 in
126 2461 287 2529 Dioecesi
308 2481 382 2527 mea
396 2461 572 2528 Pastorum
594 2466 628 2526 et
651 2438 901 2546 capellanorum
921 2481 1056 2528 munere
1073 2463 1147 2528 11111-

74 2585 208 2667 guntur,
231 2600 369 2666 quorum
390 2581 494 2645 vitam
508 2583 544 2674 et
557 2578 708 2645 actiones
730 2581 887 2645 accurate
908 2580 988 2645 novi
1008 2600 1049 2645 ac
1063 2601 1146 2648 nun-

73 2691 198 2765 tio'illo
222 2696 425 2764 sollicitatus,
447 2700 565 2764 iterum
586 2696 770 2783 iterumque
798 2698 886 2763 omni
915 2718 995 2765 cura
1021 2688 1056 2765 et
1077 2705 1149 2767 stu·

78 2815 132 2881 dio
145 2813 543 2903 perlustravipomnino
561 2800 786 2882 secundum
807 2814 923 2901 leges
947 2807 1176 2889 ecclesia,¹

75 2931 212 2998 sticas
234 2939 276 3000 et
297 2932 535 3000 catholicas
558 2955 604 3002 so
625 2955 787 3020 gerere,
808 2953 957 2999 morum
977 2934 1147 3021 integri·
1267 2924 1268 2929 ¹

72 3055 163 3116 tate
196 3051 411 3119 excellere
445 3057 486 3120 et
517 3051 801 3120 commendari.
844 3051 958 3136 Atque
986 3049 1148 3139 hocqui-
1245 3131 1248 3136 p

74 3167 153 3237 dem
173 3191 233 3256 pro
250 3171 489 3253 aestimatione,
511 3191 578 3256 qua
592 3170 827 3236 lle'verentiam
840 3172 931 3233 tuam
944 3188 1146 3256 prosequor,

73 3285 171 3369 Tibi,
194 3289 251 3375 qui
273 3289 416 3354 amicitia
437 3291 573 3355 iunctus
587 3287 762 3358 Hermesio
779 3306 822 3351 ex
837 3284 1044 3355 damnatione
1065 3310 1148 3354 non·

72 3394 237 3471 nullarum
259 3411 331 3473 eius
354 3408 614 3494 propositionum
640 3427 793 3492 magnum
815 3401 961 3469 dolorem
984 3410 1020 3472 et
1040 3409 1147 3494 aegri·

71 3523 225 3590 tudinem
259 3525 444 3611 percipies,
486 3521 718 3611 tranquillandi
755 3520 1014 3611 consulendique
1049 3526 1147 3592 animi
1238 3558 1240 3565 ·

73 3661 183 3707 causa
203 3641 417 3708 nuntiandum
445 3644 650 3726 existimavi,
682 3641 783 3728 idque
807 3659 847 3705 eo
868 3642 992 3726 magis,
1026 3664 1147 3728 quum

72 3778 126 3824 ne
158 3761 322 3826 unicum
354 3758 518 3845 quidem
550 3759 704 3826 dictum
737 3761 813 3827 aut,
832 3755 1033 3844 placitum
1056 3760 1147 3829 doc·

71 3878 212 3943 trinae
243 3876 478 3974 catholicae
501 3879 770 3960 contrarium,
800 3874 909 3963 quod
936 3881 1149 3944 auctorem
1263 3912 1265 3918 ·

71 3990 229 4059 habeat
252 3993 425 4081 aliquem
447 4015 498 4060 ex
518 3994 723 4060 Hermesii
745 3993 967 4081 discipulis
994 3993 1061 4061 hio
1084 3995 1147 4062 de·
1204 4006 1206 4013 ’

72 4109 296 4198 gentibus,
326 4111 376 4178 ad
403 4132 525 4179 aures
552 4133 663 4180 meas
687 4113 851 4180 venerit
872 4117 940 4180 aut
960 4100 1162 4184 innotus?
