2514 4792
342 216 612 391 ’,Ϊιιο

61 457 86 521 ιὶ·
111 428 262 521 atem
293 430 533 541 praestantium
566 448 810 543 'theologorum
843 454 995 544 exemplu
1027 465 1105 526 ante
1180 504 1182 511 ι

61 571 145 646 ulos
160 570 288 656 hahuit,
311 574 368 660 qui
383 575 483 640 etiam
496 572 662 661 Episcopi
674 575 971 661 Argentoratensis
987 576 1109 643 adver*
1155 674 1157 678 .

61 712 84 756 s
107 691 328 759 Bautueuium
340 690 531 785 Epistolam
543 690 752 793 approbavit,
773 694 925 779 potuitne
947 693 1121 761 damnare

115 995 232 1047 neudum
258 1012 346 1045 veram
368 981 518 1047 doctrinam
537 1014 552 1046 a
570 995 656 1059 falsa,
683 1004 806 1048 constare
829 997 904 1049 nulio
928 999 1009 1049 modo
1026 1017 1105 1070 pesse

110 1080 163 1133 hoc
180 1081 324 1151 placitum
354 1087 432 1150 post
454 1083 697 1150 Apostolorum
720 1088 868 1134 aetatem
893 1083 925 1132 in
952 1087 1104 1137 eeclesia

109 1165 245 1217 Christi
271 1166 372 1217 etiam
395 1182 480 1218 nova
501 1166 590 1219 iidei
611 1169 768 1235 dogmata
794 1172 917 1219 exorta
943 1187 1017 1223 esse
1044 1177 1106 1222 aut

113 1249 316 1302 doctrinam
340 1253 575 1319 apostolicam
601 1254 711 1322 quoad
734 1270 869 1304 sensum
894 1258 925 1303 et
942 1255 1104 1311 substate

110 1320 300 1396 tiarh'suam
318 1337 529 1388 mutationes
546 1337 719 1398 suhiisse;
748 1343 776 1389 et
791 1344 933 1410 propterea
951 1340 1030 1390 etiam
1049 1339 1103 1391 evi·

116 1422 185 1471 dens
203 1427 245 1472 est
261 1421 401 1473 historiam
420 1425 574 1491 dogmatum
592 1439 674 1475 sensu
691 1424 811 1492 proprio,
830 1424 936 1491 qualem
949 1424 1102 1476 Protestan'·

109 1512 152 1558 tes
175 1507 300 1568 tradunt,
331 1525 425 1577 nempe
450 1525 481 1560 co
506 1526 604 1570 sensu,
627 1525 681 1579 quo
705 1507 867 1583 intelligitur
886 1508 1040 1561 historia
1066 1511 1104 1561 de

109 1593 284 1660 (ipsorum)
305 1593 498 1662 dogmatum
517 1596 657 1666 origine
676 1599 707 1644 ct
723 1593 999 1654 mutationibus,
1017 1613 1034 1645 a
1054 1593 1104 1644 Ca·

106 1675 221 1727 tholicis
246 1678 358 1727 concedi
380 1694 435 1728 uon
456 1687 571 1748 posse.⁶‘
599 1683 673 1748 (pag.
693 1677 768 1744 tro.)
809 1677 915 1729 Laudat
938 1676 1106 1731 llermesius¹

109 1761 342 1830 (papula-1¹5
360 1765 444 1826 aoth,
463 1769 494 1814 nt
510 1763 579 1815 hauc
598 1765 756 1815 senteutiam
776 1781 850 1814 suasu
871 1758 989 1814 illustret
1001 1769 1027 1814 et
1038 1781 1121 1822 eous.
1148 1795 1153 1812 1

108 1846 209 1907 firmet,
227 1847 308 1896 verba
327 1847 443 1899 Concilii
461 1849 534 1900 Trid.
556 1851 628 1901 Sese.
648 1849 668 1900 4
686 1850 786 1901 decret.
806 1849 839 1898 d:
859 1849 1101 1919 eau.scripturis2

114 1931 319 1992 „Sacrosaneta
345 1935 515 1984 oecumenica
534 1941 561 1987 et
583 1935 716 2004 generalis
742 1933 863 1983 Trideut.
882 1931 1006 2000 Synodus
1026 1969 1101 1988 ....,

114 2019 277 2086 perspiciens
295 2017 364 2068 hauc
382 2018 550 2086 (salutarem)
573 2020 710 2070 veritatem
733 2025 760 2070 et
778 2020 904 2085 (urorum)
930 2018 1100 2086 disciplinam

115 2105 251 2155 contineri
277 2104 305 2152 in
327 2101 405 2152 lihris
424 2105 533 2173 seriptis
556 2111 584 2154 et
604 2105 661 2154 sine
681 2106 787 2173 'scripto
802 2101 1011 2163 traditionibus,
1033 2121 1108 2174 quae

109 2187 197 2256 ipsine
217 2186 315 2238 Christi
334 2204 380 2238 ore
399 2189 433 2237 ah
452 2191 589 2257 apostolis
607 2195 743 2259 acceptae,
763 2196 811 2239 aut
828 2188 861 2253 ah
873 2189 945 2258 -ippis
963 2185 1100 2259 Apostolis

113 2270 216 2342 Spiritu
226 2272 326 2323 Sancto
344 2275 471 2334 dictante,
491 2277 569 2343 quasi
586 2293 634 2345 per
651 2291 745 2324 manus
758 2275 883 2333 traditae,
902 2275 1102 2350 aduersusque

106 2363 299 2428 pervenerunt,
319 2357 525 2409 orthodoxorum
544 2361 655 2420 Petrum
673 2357 791 2428 exemplu
810 2364 943 2426 sequena,
959 2374 1050 2409 omnes
1067 2359 1100 2408 li·

104 2441 172 2494 hros
196 2450 249 2494 tarn
273 2443 369 2494 veteris
389 2462 467 2512 quarn
486 2445 548 2495 novi
565 2445 738 2504 testamenti,
766 2461 848 2511 quum
871 2445 1011 2511 utriusque
1028 2462 1098 2496 uuus
1163 2511 1165 2513 ι

103 2529 181 2580 Dens
202 2530 240 2580 sit
256 2534 366 2593 auctor,
392 2545 441 2580 uec
460 2546 514 2580 uon
539 2531 697 2582 traditiones
720 2530 795 2596 ipsas
813 2536 870 2581 tum
889 2530 924 2579 ad
941 2528 1021 2580 iidem
1039 2536 1097 2580 tum

105 2614 144 2664 ad
166 2629 254 2665 mores
277 2615 457 2684 pertinentes,
484 2621 611 2685 tanquam
634 2616 692 2666 veis
706 2621 830 2665 oretenus
855 2633 871 2666 a
890 2613 998 2667 Christo
1020 2615 1097 2666 vela

104 2699 211 2769 Spiritu
229 2697 327 2751 Sancto
346 2701 460 2753 dictatum
478 2707 506 2752 et
524 2702 651 2752 contiuua
668 2701 841 2752 successione
863 2702 891 2752 iu
910 2701 1035 2752 Ecclesia
1054 2719 1097 2753 ea·
1129 2716 1133 2729 ·

105 2786 210 2839 thelica
228 2792 396 2837 conservatas
413 2787 474 2856 pari
490 2786 600 2856 pietatis
619 2785 719 2838 affectu
738 2776 937 2838 ac'rev‘erentia‘
948 2788 1062 2856 suscipit
1072 2792 1099 2837 et

105 2877 281 2924 veneratur.“
326 2871 433 2922 Laudat
460 2879 600 2941 praeterea
624 2870 763 2924 Vincentii
790 2871 875 2922 Lirin.
904 2873 1005 2923 dictum
1029 2872 1100 2923 illud
1162 2869 1163 2872 '

102 2957 272 3010 Commonit.
300 2973 360 3025 cap.
385 2956 419 3006 δι
458 2957 518 3021 „lu
541 2959 601 3026 ipsa
627 2957 761 3008 catholica
792 2942 917 3007 Ecclesia
939 2974 1100 3025 magnopere

106 3045 258 3095 curandum
272 3047 323 3101 est,
342 3042 413 3108 ”isid
427 3047 573 3101 teneamus,
593 3043 665 3110 quod
676 3041 788 3109 ubique,
807 3041 879 3110 quod
892 3059 1007 3110 semper,
1026 3044 1099 3109 quod

105 3129 143 3181 ah
161 3128 286 3182 omnihus
306 3127 436 3179 creditum
456 3133 531 3178 est.“
567 3127 672 3179 Laudat
687 3118 752 3177 ilem
771 3143 794 3180 s.
807 3128 951 3194 Augustini
968 3127 1048 3178 verba
1065 3128 1099 3178 dc

103 3213 185 3282 Bapt.
210 3199 313 3268 mv.
339 3229 397 3280 cap.
416 3211 470 3262 222
508 3211 618 3278 „Quod
642 3215 766 3263 universa
791 3219 864 3263 tenet
884 3212 1022 3272 Ecclesia,
1048 3230 1098 3264 nee

106 3299 241 3351 Consiliis
258 3299 428 3359 institutum,
447 3300 494 3350 sed
511 3312 620 3368 semper
637 3303 767 3349 retentum
785 3303 840 3357 cst,
860 3298 965 3348 nonnisi
983 3299 1098 3348 auctori·

103 3390 161 3436 tate
178 3385 337 3453 Apostolica
355 3383 482 3434 traditum
500 3383 649 3435 rectissime
668 3385 820 3436 ereditur,“
854 3382 961 3434 Laudat
983 3380 1097 3451 denique

108 3487 142 3521 cx
159 3470 336 3539 professionis
354 3469 419 3519 fidei
437 3469 532 3519 Forma
551 3487 567 3519 a
585 3468 632 3519 Pio
651 3466 697 3520 w.
716 3469 897 3537 piaeseripta,
916 3485 983 3536 quae
1000 3468 1029 3518 iu
1046 3467 1097 3519 Ec·
1138 3452 1142 3463 ¹

103 3555 188 3606 alesia
208 3555 340 3605 catholica
359 3553 481 3604 adhiheri
499 3553 597 3605 debeat
616 3553 827 3623 adhibeaturque
838 3555 865 3605 in
878 3554 996 3623 puhlicis
1014 3555 1097 3604 omni·
1116 3556 1118 3559 ’
1152 3609 1154 3613 ,

103 3639 158 3693 hus
169 3637 233 3691 lidei
250 3640 474 3711 professionibus,
493 3638 565 3690 hunc
580 3639 685 3703 locum:
707 3640 838 3701 „Sacram
849 3640 1010 3715 scripturam
1022 3640 1098 3691 iuxta

103 3741 167 3776 eum
185 3741 303 3785 sensum,
322 3743 401 3793 quem
419 3724 507 3776 tenuit
524 3731 551 3775 et
567 3729 642 3776 tenet
659 3733 753 3776 sancta
770 3733 856 3777 mater
867 3724 1001 3786 Ecclesia,
1019 3726 1098 3777 cuius

102 3815 149 3862 est
163 3810 284 3860 iudicare
302 3811 334 3861 de
352 3827 415 3861 vero
437 3808 521 3861 sensu
539 3816 566 3861 et
590 3810 812 3880 interpretatione
830 3828 964 3862 sacrarum
982 3813 1097 3880 scriptu·

99 3913 205 3956 rarum,
225 3897 347 3957 admitto,
368 3914 415 3947 uec
433 3914 491 3947 eam
509 3913 628 3963 uuquam
647 3898 702 3947 nisi
720 3898 795 3948 iuxta
813 3897 966 3948 unanimem
985 3913 1098 3948 consen·

101 3997 164 4032 suna
181 3981 293 4032 Petrum
311 3983 442 4051 accipiam
462 3985 488 4032 et
505 3979 706 4050 interpretabor
719 4018 726 4031 .
737 4016 777 4037 .,.
816 3980 910 4034 Cetera
927 3984 990 4033 item
1009 3982 1098 4034 omnia

61 4115 63 4122 ,
99 4085 119 4118 a
137 4067 223 4119 saeris
242 4065 398 4120 canonibus
417 4073 444 4118 et
462 4067 639 4120 oecumenicis
659 4066 792 4119 Consiliis
810 4083 841 4119 sc
860 4067 1004 4138 praecipue
1022 4085 1037 4118 a
1056 4083 1098 4119 sa*

101 4159 246 4204 crosaueta
265 4152 421 4217 Tridentiur
434 4150 542 4220 Spuoda
561 4141 670 4214 hadita,
691 4152 811 4225 delinita¹
823 4159 850 4204 et
868 4154 1004 4205 declarata
1020 4154 1098 4206 iudu-
1169 4200 1172 4205 ,

839 4257 891 4323 lc
