2514 4792
667 273 745 371 ιιι
875 342 879 349 .

74 450 76 455 ’
168 462 327 527 motivum
352 458 430 527 fidei
449 461 483 525 in
510 461 602 546 ipso
630 458 841 540 subiecto,
874 456 909 525 id
930 458 1039 523 estin
1059 458 1140 545 ipsa
1160 479 1198 522 ra·

168 558 282 673 tione
302 581 448 667 positum
469 598 548 645 esse
570 575 677 661 dicat,
708 582 879 665 negetque
907 578 1046 644 inveniri
1065 578 1099 643 in
1114 579 1200 643 testi·
1223 662 1227 669 Ι

168 700 301 764 ιιιοιιίο
328 703 520 782 externo,
551 699 586 764 in
614 688 872 763 auctoritate
900 694 1074 762 divina.“
1112 696 1204 763 Veron

158 819 335 887 enimvero
358 822 440 904 quot
460 815 576 899 verba,
597 821 650 883 tot
669 814 767 898 falsa,
787 836 831 881 ne
847 812 972 881 dicam:
993 814 1206 895 totmendooio,

168 940 225 1012 totv
242 934 439 1002 calumniae!
479 933 569 1001 Nihil
588 934 706 1001 horum
726 934 885 1017 omnium,
912 954 1001 1021 quae
1023 938 1208 1000 accusatores

170 1053 214 1121 ad
227 1051 483 1123 Sanctissimum
496 1052 630 1121 Patrem
645 1051 845 1135 detulerunt,¹
864 1050 955 1138 nibil
975 1054 1120 1140 inquam,
1139 1049 1208 1138 plane

129 1200 133 1209 ¹
168 1170 248 1240 nihil
275 1193 350 1239 cum
376 1175 518 1241 veritate
546 1173 729 1255 eonsentit;
763 1168 865 1259 idque
891 1171 1003 1257 ipsum
1029 1174 1099 1235 tam
1123 1171 1209 1236 estio

147 1283 316 1382 promtu,
352 1296 391 1357 ut
425 1302 508 1358 sanc
534 1290 629 1357 freno
663 1289 823 1357 utendum
850 1291 913 1373 sit,
944 1309 991 1357 ne
1018 1288 1210 1376 indignatione

167 1418 305 1500 propter
331 1407 594 1476 incredibilem
583 1409 733 1509 rniuriam
757 1408 935 1476 Hermesio
962 1404 1088 1501 illatam
1112 1405 1210 1475 subori-

169 1534 237 1596 eutr
228 1527 440 1616 abripiatur
467 1529 604 1599 animus
876 1536 880 1543 “

115 1642 126 1657 ’
255 1646 536 1753 Distinguendum
550 1651 604 1713 est
617 1648 704 1714 iuter
717 1646 796 1714 duo
817 1666 971 1745 genera
990 1647 1213 1722 motivorun,

77 1784 80 1788 ’
169 1750 227 1833 ubi
249 1766 419 1875 quaeritur
439 1763 482 1834 de
503 1764 656 1833 doctrina
669 1764 851 1835 christiana
870 1763 927 1833 vel
945 1762 989 1834 de
1009 1763 1076 1831 ulia
1097 1781 1214 1852 quacun·

168 1905 253 1975 que,
285 1906 373 1974 quae
394 1905 435 1952 se
456 1883 617 1980 diripitus
641 1885 797 1953 traditam
822 1882 1005 1973 profitetur.
1055 1883 1160 1952 Unum
1176 1901 1216 1967 ge

169 2004 235 2073 nus
250 2010 316 2088 est,
338 2023 406 2093 quo
427 1964 609 2088 movemur,
631 2010 669 2070 ut
689 2004 845 2071 facturn
866 2001 1080 2071 revelationis
1103 2002 1216 2077 divinae,

168 2123 235 2192 lroc
266 2131 337 2207 est,
359 2120 408 2192 'ut
439 2122 724 2213 supernaturalem
755 2129 792 2192 et
821 2121 972 2219 divinam
997 2122 1165 2188 doetrinae
1189 2112 1217 2181 at

169 2243 371 2323 eredendum
391 2244 585 2341 propositae
607 2245 767 2331 originem
788 2241 981 2325 credamus3
1016 2238 1154 2307 alterurn
1172 2238 1217 2315 est,

168 2378 235 2449 quo
257 2382 443 2448 movemur,
475 2369 515 2431 ιιι
533 2365 628 2451 ipsa
660 2363 873 2451 dogmata,
904 2360 1038 2428 etiamsi
1059 2360 1217 2444 incompre-

108 2468 109 2475 '
168 2478 343 2547 heusibilia
364 2480 443 2563 sint,
464 2501 546 2548 vera
560 2487 596 2548 et
609 2488 683 2548 rata
700 2479 894 2548 habeamus.
937 2477 1123 2565 Utriusque
1143 2492 1218 2564 gene

170 2601 216 2665 ris
237 2600 515 2685 motivaomniuo
545 2603 721 2665 externa
748 2605 844 2684 sunt,
878 2604 913 2666 et
934 2617 1127 2686 quenquam
1146 2576 1219 2660 unum

171 2739 247 2791 cunr
268 2714 372 2785 altero
393 2717 568 2783 maximam
595 2719 861 2785 coniunctionem
885 2714 1006 2800 babet,
1033 2721 1146 2784 tamen
1164 2729 1220 2780 eoo·

170 2828 309 2903 fundere
324 2857 365 2902 ea
386 2854 496 2924 neque
519 2834 708 2904 discernere
729 2856 840 2924 posse¹
856 2836 1025 2924 propriam
1039 2855 1154 2902 eorum
1165 2832 1220 2906 vifflr

170 2955 219 3040 (id
245 2955 336 3042 quod
361 2952 531 3021 accidisse
546 2928 655 3023 'video
681 2954 850 3023 Hermesii
876 2930 1160 3037 accusatoribus)
1183 2965 1221 3015 no

171 3074 321 3141 cessario
344 3078 472 3141 rectum
496 3075 532 3141 in
551 3072 606 3142 his
627 3073 730 3143 rebus
757 3074 966 3163 gravbsimis
992 3069 1151 3138 iudicium
1168 3084 1221 3156 por·

173 3193 295 3259 turbat.
656 3182 658 3186 ¹

256 3309 326 3377 lam
346 3309 426 3376 illud
452 3312 624 3395 motivum,
654 3333 720 3400 quo
743 3328 931 3393 movemur,
961 3313 1001 3375 ut
1022 3307 1223 3375 doctrinam

171 3431 260 3497 Jesu
282 3424 415 3496 Christo
435 3431 643 3517 propositam
669 3450 736 3496 non
761 3429 938 3497 humanam
959 3425 1023 3531 sed
1052 3440 1223 3515 superne

35 3539 40 3545 ’
173 3546 298 3615 turali
317 3546 438 3616 modo
461 3552 497 3616 et
518 3548 674 3616 divinit
659 3554 728 3615 tus
749 3526 946 3615 traditam
967 3565 1048 3612 esse
1061 3545 1224 3617 credamur,

81 3750 86 3757 Ι
173 3664 272 3753 quale
293 3667 339 3732 sit
359 3687 404 3733 ex
423 3665 591 3736 Hermesii
612 3667 796 3749 sententia,
825 3671 880 3732 sat
881 3665 911 3732 is
942 3666 1082 3752 copiose
1106 3664 1225 3731 diximu

175 3806 249 3872 cap.
271 3781 326 3850 Vl.
349 3790 384 3850 et
404 3785 475 3852 vll.
518 3782 686 3853 Videlicet
712 3787 860 3872 positum
887 3789 942 3851 est
968 3786 1003 3850 in
1023 3781 1182 3870 prodigiis
1202 3776 1226 3841 tl

173 3905 291 3990 signis,
313 3905 348 3969 in
368 3906 581 3989 testimoni0‚'
604 3904 695 3992 quod
722 3902 830 3969 Jesus
852 3902 894 3969 de
922 3924 984 3969 sua
1006 3884 1166 3972 missione
1185 3899 1225 3967 do

176 4022 235 4105 uit,
263 4023 298 4088 in
323 4023 364 4087 iis
392 4021 556 4107 omnibus,
583 4043 670 4110 quae
699 4020 775 4089 huie
804 4022 994 4089 testimonio
1022 4020 1225 4109 plenissimae

172 4136 275 4223 ¹tidem
295 4139 502 4242 sdsemouut
524 4161 589 4211 orno
611 4139 732 4213 verbo:
755 4142 788 4209 iu
811 4139 1062 4237 characteribus
1077 4161 1152 4257 cum
1165 4136 1225 4207 doo·
