2514 4792
126 392 239 460 lucida
265 390 384 460 alleo
409 390 592 481 praeditam
623 410 703 459 esse
734 388 942 459 facultate
973 386 1160 477 imperari

128 530 170 577 ac
191 506 447 578 voluntatem
473 510 697 599 dirigendi,
727 507 859 593 eodem,
888 510 1035 596 inquam,
1056 504 1156 575 daos

130 628 219 713 ditis,
240 650 308 717 quo
328 628 545 713 Bautaenius,
566 649 666 717 quem
685 624 883 715 Episcopus
903 624 1154 713 mereamur
1186 631 1207 691 d

128 744 182 814 liis
202 745 316 813 verbis
345 744 536 835 alloquutus
557 752 627 815 est:
670 748 793 834 „Non
819 762 986 833 posses
1012 739 1161 833 praecli-

56 910 59 915 -
130 864 216 931 rius
247 886 329 932 rem
352 869 461 931 tuam
489 886 632 953 agere,
663 866 701 933 si
727 868 924 933 evertere
943 862 1157 949 Religiourl
1186 932 1196 941 ,

89 1032 93 1037 -
129 979 211 1049 tilri
230 984 487 1069 propositum
508 986 661 1052 csset⁶‘
702 982 843 1051 Addidit
861 990 976 1049 tamen
995 978 1077 1069 lipia
1129 982 1158 1008 “’
1195 985 1207 1027 ¹

130 1114 196 1167 uon
216 1102 333 1168 minori
358 1100 533 1170 clementia
561 1109 596 1169 ct
621 1102 842 1190 benignitate,
873 1122 975 1187 quam
996 1091 1166 1167 dotlrir'rad¹

131 1213 298 1307 religionis
319 1220 433 1287 studio
454 1228 608 1287 ornatus:
638 1219 775 1309 „quod
796 1224 918 1285 certo
940 1225 1009 1286 est
1028 1240 1050 1285 a
1068 1223 1167 1298 mente

131 1343 200 1403 tua
221 1337 431 1405 alienum.“
473 1338 588 1409 Facile
609 1345 645 1408 et
665 1361 729 1427 ego
758 1360 834 1405 curn
854 1334 1012 1405 omuibus
1037 1333 1172 1405 llermri·

131 1458 206 1523 auis
227 1454 379 1524 concedo
398 1456 479 1527 nihil
505 1460 611 1545 magis
632 1480 654 1524 a
673 1461 786 1525 mente
807 1456 932 1523 Vestra
953 1453 1096 1524 alienum
1112 1474 1176 1541 atu,

132 1592 234 1661 quam
253 1594 376 1641 nocere
397 1574 483 1641 velle
504 1574 670 1664 religioni,
690 1596 802 1663 neque
822 1595 899 1660 nos,
927 1576 1067 1645 tametsi
1084 1574 1178 1666 placila

132 1690 257 1759 Vestra
286 1690 570 1780 periculosissima
598 1701 634 1763 et
662 1695 946 1783 perniciosissima
979 1716 1065 1763 esse
1090 1708 1178 1763 ocatr·

132 1830 220 1896 mus,
241 1816 310 1878 tam
332 1831 450 1881 sumus
470 1813 629 1897 iniuriosi,
650 1818 689 1880 ut
709 1817 782 1881 toto
803 1818 945 1902 pectore
966 1815 1111 1885 addictos
1121 1814 1174 1881 lot

134 1948 214 1997 esse
241 1929 319 1999 fidel
346 1931 546 2001 christianae
571 1936 608 2000 et
636 1930 822 1999 catholicae
853 1930 1043 2001 audeamus
1069 1932 1178 2003 lriillnal.

93 2019 97 2038 ¹
133 2048 268 2118 Utinam
281 2056 317 2119 et
330 2050 454 2121 Vestra
467 2050 586 2119 eadem
606 2052 762 2139 aequitas
781 2048 919 2117 inissetl
941 2072 1013 2120 non
1027 2053 1189 2123 vidercnu

134 2167 271 2237 illumin
285 2169 461 2238 Germania
481 2170 663 2235 animorum
682 2166 976 2256 perturbationem,
999 2172 1191 2260 qualisnam

136 2290 282 2357 existere
308 2292 396 2357 inter
417 2286 610 2355 catholicos
633 2291 669 2353 ct
688 2287 892 2354 incrementa
920 2308 1049 2377 capere
1071 2292 1197 2375 videtum

135 2422 204 2471 non
222 2408 472 2495 imposuissetis
492 2405 591 2473 nobis
611 2406 851 2473 necessitatem
877 2392 1087 2478 defendendi
1104 2410 1197 2481 Varum

137 2522 304 2591 ecclcsiae
320 2522 504 2591 catholicae
518 2524 792 2607 addictissimum,
814 2524 1017 2593 defendendi
1032 2550 1098 2597 nos
1113 2534 1200 2620 ipsos,

137 2642 196 2729 qni
217 2642 364 2729 quotidie
387 2645 486 2709 etiam
513 2641 719 2724 lacessimur,
748 2664 919 2727 vexamur,
947 2652 1203 2737 accusantum

138 2760 365 2846 suspicionem
385 2781 544 2826 vocamur
564 2763 834 2847 pravissimarum
856 2763 1060 2851 opinionum,
1089 2790 1113 2835 a
1133 2772 1203 2859 qui·

138 2877 219 2945 bus
245 2882 338 2946 toto
365 2880 495 2946 aniano
525 2873 804 2945 abhorremus.
848 2880 983 2949 lliiaime
1005 2890 1206 2970 gentiana-.-

136 3016 214 3063 nam
239 3000 529 3065 asseveratissime
561 2996 909 3086 confidentissimecpuc
931 3002 1207 3086 'pronuntiandum

139 3121 193 3181 ost
213 3152 257 3167 ·-
277 3118 407 3184 urinime
429 3121 575 3205 gentium
596 3136 660 3183 noa
681 3121 809 3182 tantum
837 3118 956 3183 rationi
985 3124 1207 3209 concedimus

140 3241 298 3319 quantum
319 3236 426 3303 Voltis
448 3235 590 3319 videtur,
611 3256 722 3322 neque
743 3255 807 3300 uos
829 3238 988 3302 rationem
1011 3246 1207 3327 superiorem

138 3352 279 3420 facimus
301 3354 502 3423 revelatione
525 3354 646 3420 divina.
688 3356 744 3421 An
764 3353 972 3439 Hermastus,
993 3362 1033 3423 ut
1056 3370 1207 3429 revertar

140 3472 184 3537 ad
204 3468 250 3557 id',
272 3474 363 3560 qaod
392 3480 496 3561 caput
517 3479 572 3540 est
598 3475 702 3538 totius
723 3471 867 3538 Vestrae
893 3472 982 3539 illius
1009 3486 1207 3563 argumenta

139 3594 251 3675 tionis,
272 3594 401 3679 uspiam
423 3594 559 3678 negavit
580 3591 748 3657 erroribus
771 3588 948 3656 obnoxiam
964 3610 1044 3659 esse
1059 3601 1207 3668 rationeu

141 3708 340 3776 humanam?
361 3717 419 3777 aut
439 3716 568 3776 tautum
588 3708 669 3803 lrrrie
688 3708 839 3775 facultati
861 3710 1011 3796 vigorem
1031 3712 1168 3803 milruit,
1188 3742 1207 3785 u

142 3832 251 3896 omnia
279 3828 434 3915 dogmata
463 3829 642 3894 christiana
670 3850 714 3894 cx
735 3830 807 3894 suis
836 3828 959 3894 deucere
986 3832 1166 3923 principiis
1194 3858 1207 3903 a

143 3947 422 4035 comprehendere
443 3948 576 4034 possiti
618 3946 719 4012 lmmo
745 3966 827 4012 vero
847 3967 915 4012 non
936 3945 1044 4025 solum
1066 3960 1207 4037 agnosci

143 4086 294 4154 magnam
316 4067 453 4131 rationis
476 4064 712 4147 iufirruitatem,
744 4064 805 4130 scd
828 4066 927 4131 etiam
950 4086 994 4133 cx
1014 4066 1118 4137 lruiuu
1141 4072 1207 4139 iml'rr
