2596 4778
518 252 571 319 17

80 443 125 505 et
172 438 296 526 Neque
323 440 390 505 iam
417 443 533 505 contra
553 435 705 505 movebis
736 434 892 505 moralem
913 438 1096 509 nemun...

78 584 84 622 ι
103 554 268 645 dignitate
290 576 354 622 sna
374 556 561 624 inferiorern
581 554 767 623 hahendam
788 576 868 625 esso
884 550 988 645 'marn
1009 558 1082 627 the·

78 677 184 758 ieam3
207 680 262 741 est
282 676 369 740 enim
384 676 457 751 una'¹
471 673 653 762 eademque
674 675 770 757 ratio,
791 695 878 762 quae
899 676 1083 745 secundum

78 814 158 859 uram
190 814 286 859 suam
314 814 334 858 a
361 791 436 859 Deo
473 795 539 879 ipsi
568 794 793 879 irrgcneratam
828 790 951 881 duplici
981 794 1080 861 modo

78 909 133 996 t*),
154 930 199 977 ex
226 932 296 999 quo
325 909 379 994 fit,
407 916 456 993 ut,
484 913 514 977 si
535 909 693 977 moralem
714 913 873 979 rationem
894 911 1018 981 dixeris
1038 912 1082 981 ad

78 1048 155 1095 orem
186 1014 405 1116 compositam
436 1019 530 1095 esse'
546 1035 605 1095 dut
636 1026 756 1095 ducem
784 1030 961 1116 incertam,
992 1014 1090 1103 idem

78 1148 173 1215 riiure
195 1145 372 1213 dicendum
392 1147 438 1213 sit
459 1146 501 1213 de
523 1149 651 1213 ratione
672 1145 918 1233 theoreticae).

79 1350 82 1355 Ι
107 1261 171 1333 Sed
196 1263 446 1351 progrediamur
473 1284 525 1346 eo,
554 1284 620 1351 quo
643 1264 804 1330 volumus.
848 1261 956 1346 Quum
974 1263 1081 1333 Jesus

78 1381 165 1447 rhtns
195 1383 407 1450 accessisset
436 1381 480 1447 ad
511 1387 766 1464 monumentum,
800 1383 834 1448 in
866 1404 933 1471 quo
962 1384 1082 1451 Lazari

141 1501 322 1586 repositum
350 1504 438 1583 erat,
468 1498 551 1565 dixit
572 1501 604 1565 ei
624 1496 756 1564 Martha
775 1496 888 1583 (Joan.
912 1502 975 1583 11,
997 1502 1081 1587 3⁰i²

78 1612 116 1681 'an
130 1617 230 1685 foetet
249 1623 417 1698 mortuus3
439 1615 678 1702 quatriduanus
694 1622 749 1683 est
762 1619 881 1684 enirra“
925 1619 1003 1684 Non
1022 1621 1082 1706 igi-

78 1730 353 1817 rduhitarelicct,
386 1737 464 1821 quin
495 1736 645 1801 Lazarus
677 1755 758 1803 vere
788 1741 939 1803 mortuns
964 1736 1081 1838 inerit,

78 1867 104 1915 oc
118 1856 169 1938 est,
187 1854 227 1921 de
249 1873 330 1919 vera
354 1853 426 1918 eius
447 1859 553 1919 morte
575 1850 737 1918 hahemus
760 1853 991 1919 certitudinem
1011 1875 1081 1921 mo-

78 1963 141 2033 den
169 1970 248 2037 Tum
269 1971 369 2039 iussit
389 1968 515 2052 Jesus‚
537 1974 576 2035 ut
594 1974 742 2034 mortuus
763 1966 855 2032 foras
875 1969 1014 2051 venhet,
1037 1977 1082 2051 ct,

78 2084 142 2153 aad
161 2087 229 2156 iheu
259 2084 358 2155 rediit
377 2088 411 2154 ia
432 2087 542 2153 vitam.
586 2081 734 2168 Quanam
763 2105 867 2151 causa
886 2084 951 2152 hoe
971 2086 1081 2174 prodi·

82 2224 218 2246 —b-—a-

106 2318 203 2387 idaim
218 2345 287 2396 quac
305 2342 368 2394 paq.
386 2323 422 2374 21
441 2323 554 2374 diximus
573 2320 623 2373 suh
639 2322 781 2375 asterisco.

99 2421 117 2485 ¹¹)
128 2420 246 2479 renorma
265 2429 294 2478 in
312 2425 380 2477 hano
398 2443 453 2504 rem
471 2423 681 2491 Licbcrmsnuns
699 2423 789 2478 Instit.
806 2422 901 2475 Theoi.
918 2423 940 2476 1.
958 2441 988 2494 p.
1007 2400 1077 2477 1592

112 2504 252 2581 ¹„i'n‘rreipta
282 2513 410 2578 moralia,
439 2527 525 2580 quae
547 2511 804 2561 fundamentum
832 2515 910 2560 sunt
936 2510 1079 2563 moralis

125 2598 325 2656 certitudinis,
339 2603 396 2648 tam
405 2598 564 2655 sentiarum,
576 2601 634 2647 tum
644 2595 793 2647 tardiorum
807 2610 963 2647 consensum
970 2595 1079 2648 hahent.
1158 2574 1165 2599 '¹

123 2678 235 2747 tqreutd
253 2684 336 2735 semel
352 2682 418 2734 haee
437 2682 568 2733 certitudo
586 2683 672 2741 adest,
689 2686 788 2733 tanta
804 2686 846 2731 est
861 2686 995 2751 tamque
1012 2698 1080 2749 per·

124 2761 331 2819 testamentis
350 2767 531 2826 adhaesio,
556 2772 591 2816 ut
607 2764 706 2816 noris
730 2766 939 2832 argumentis
958 2767 1081 2834 augeri

123 2863 168 2902 nor
183 2854 331 2921 possit.“
354 2852 413 2912 Non
430 2854 518 2902 minus
536 2856 606 2900 recte
623 2849 832 2902 Liehcrmsnnus
843 2851 991 2911 contendit,
1008 2851 1090 2919 quod'

122 2932 170 2988 iden
186 2941 294 2991 docetur
311 2936 345 2987 ah
363 2936 517 2995 llermcsio,
542 2938 571 2987 iu
588 2935 687 2986 rehns
704 2934 904 2998 historicis,
930 2951 999 3004 quae
1016 2936 1083 2986 alio·

122 3034 162 3072 rna
181 3025 337 3075 anctoritate
363 3021 518 3083 credantur,
544 3037 598 3070 nou
625 3019 787 3070 theoreticae
809 3037 860 3070 seu
885 3018 1082 3088 metaphysicae

123 3109 251 3161 certitudini
269 3108 359 3159 locum
377 3122 445 3168 esse,
469 3106 516 3155 sed
536 3105 666 3155 morali
689 3108 835 3167 tautam,
860 3102 923 3155 hnic
940 3109 1038 3162 autern,
1058 3104 1082 3154 si

122 3187 172 3243 inu
186 3197 264 3246 modo
283 3197 437 3260 comparata
455 3191 501 3246 sit,
521 3190 632 3241 eandem
648 3194 727 3259 atqae
748 3186 793 3239 issi
809 3189 863 3239 vim
880 3192 907 3239 et
923 3184 1082 3256 dignitatem

121 3274 264 3331 hhuurdim
286 3295 354 3329 csse.
381 3305 416 3314 —-
450 3274 575 3325 Proiecto
596 3275 633 3338 is,
658 3274 706 3343 qui
726 3274 799 3326 omui
819 3274 973 3325 testimonio
999 3272 1081 3323 fidem

123 3356 239 3434 denegare,
262 3379 350 3433 neque
371 3360 517 3429 quidquam
537 3376 587 3428 pro
611 3365 685 3410 certo
698 3343 800 3411 habore
822 3357 915 3423 vellet,
940 3359 993 3409 nisi
1010 3360 1082 3427 quod

121 3438 215 3509 iperet
232 3448 320 3500 oculis
338 3447 505 3514 usurpaverit
521 3445 564 3495 vel
580 3461 612 3494 ex
628 3445 742 3495 rationis
760 3444 920 3496 theoreticae
936 3444 1082 3514 principiis
1167 3506 1169 3510 μ

121 3536 270 3603 inspexerit,
294 3532 410 3602 plurima
427 3537 453 3582 ct
471 3530 620 3581 certissima
644 3529 795 3581 officiorum
812 3534 955 3598 praccepta
970 3529 1082 3597 implere

120 3626 157 3667 tta
169 3626 266 3688 posset.
300 3617 384 3683 Urget
398 3617 483 3683 igitur
499 3621 578 3683 atque
599 3615 714 3683 imperat
733 3615 802 3666 ratio
819 3613 928 3667 moralis
936 3652 945 3679 ,
969 3616 1083 3666 ut=alte⁴

121 3698 160 3753 rias
174 3704 324 3757 testimonio
342 3702 392 3753 suh
404 3703 493 3775 ¹certis
515 3698 676 3769 quibusdam
694 3698 902 3759 conditionibus,
922 3700 965 3766 (de
984 3699 1081 3769 quihus

120 3789 230 3854 aptonius
253 3790 342 3840 dicere
366 3786 416 3837 hoe
440 3787 501 3837 locs
523 3802 577 3835 non
600 3785 724 3850 attinet,)
749 3784 807 3834 siue
828 3784 885 3835 ulta
906 3784 1082 3837 haesitatione

119 3876 279 3938 assentimur,
300 3873 418 3943 quamvis
436 3872 470 3921 ad
487 3870 659 3923 theoreticam
676 3868 862 3921 certitudinem
878 3872 1010 3938 perveniri
1027 3889 1081 3921 non

117 3950 186 4009 irat.
225 3961 320 4028 ltaque
341 3974 373 4007 ex
394 3956 445 4008 hac
474 3956 626 4007 assensione
652 3952 790 4005 moraliter
816 3956 967 4007 neccssaria
995 3955 1081 4006 oritur

117 4046 267 4096 certitudo
288 4040 429 4092 moralis
453 4040 639 4106 historica,
669 4057 737 4111 quac
759 4040 978 4108 totiuspeneris,
1008 4043 1080 4109 quod

115 4117 223 4182 hiscine
240 4132 325 4197 patet,
343 4125 486 4197 peculiaris
503 4125 607 4197 species
623 4131 675 4181 cst.

1223 516 1237 551 l
