2514 4792
595 206 646 283 121

84 392 211 459 factum
237 386 315 457 est?
356 390 516 455 Nimirum
542 390 607 459 boc
634 394 747 478 posito
777 388 1029 459 Sanctissimae
1056 386 1157 479 Pater,

87 510 216 577 etiamsi
237 507 358 575 idonea
379 511 533 578 cautione
554 510 720 593 adhibita,
754 509 798 575 ad
819 530 933 575 veram
961 512 1107 577 rationis
1130 517 1159 578 et

86 630 258 709 doctrinae
287 628 526 695 Hermcsianae
560 631 709 696 notitiam
740 626 829 694 nullo
864 627 965 694 modo
1003 630 1160 714 pervenit

85 747 176 815 ldsi
199 753 269 831 est,
306 752 422 813 certe
451 748 579 814 etiam
609 746 805 813 damnare
840 765 917 812 non
949 751 1100 832 potuit
1126 749 1161 815 iu

85 865 321 949 Hermesio,
343 886 447 952 quac
467 866 675 933 Hermesii
696 886 775 932 non
797 871 901 933 suut
951 863 1162 956 Quapropter

85 986 131 1053 ad
168 982 375 1073 purgandum
415 984 626 1052 Hennesium
664 985 973 1072 Hermesianosquc
1009 986 1163 1075 Magistni

85 1125 232 1173 normam
258 1114 294 1171 ct
315 1103 498 1170 doctrinam
524 1108 707 1189 sequentes
729 1101 764 1169 id
784 1124 884 1170 unum
904 1102 1075 1191 sufficiet,
1113 1108 1164 1176 de

85 1228 270 1293 monstraro
284 1223 319 1288 in
332 1220 419 1287 illius
439 1218 533 1287 libris
555 1220 641 1286 bene
664 1218 840 1289 intellectis
861 1243 929 1289 non
953 1225 1074 1294 messe
1096 1248 1166 1297 sen·

86 1345 211 1411 tentiae
246 1340 320 1407 illas
332 1387 343 1424 ,
382 1360 468 1426 quas
505 1339 658 1408 turnare
690 1339 795 1406 voluit
826 1337 1080 1413 Sanctissimae
1110 1349 1167 1416 Pa·

86 1466 156 1543 ter,
193 1479 347 1546 quasque
378 1463 418 1524 ut
448 1456 573 1524 abenas
605 1482 626 1524 a
658 1458 722 1524 lide
761 1458 925 1526 catholica
963 1461 1168 1533 damnandas

87 1599 168 1647 csse
188 1578 342 1646 lubenter
369 1576 592 1643 concedimus.
636 1574 745 1657 erid?
774 1581 804 1644 si
829 1584 1009 1666 praetcrea
1038 1584 1168 1653 demon·

86 1698 188 1765 strari
216 1701 332 1784 potest
361 1696 572 1762 Hermesium
598 1694 745 1763 inlibris
781 1698 854 1763 suis
888 1696 1114 1771 disertissime
1137 1709 1168 1770 et

89 1815 362 1886 constantissime
384 1814 506 1881 docere
533 1835 591 1896 ea,
613 1837 700 1901 quae
722 1814 765 1881 ab
788 1814 861 1882 aliis
881 1794 963 1883 viris
984 1844 1093 1910 prope
1111 1824 1164 1888 its.

91 1938 168 2023 dem
197 1935 312 2002 verbis
343 1935 517 2023 proposita
549 1932 793 2001 sanctissimus
829 1936 931 2003 Pater
968 1959 1042 2006 non
1067 1939 1157 2007 modo

88 2056 304 2147 approbavit,
341 2055 405 2122 sed
432 2056 532 2121 ctiam
557 2050 728 2122 laudavit?
771 2054 927 2122 Profecto
955 2058 1007 2121 ita
1035 2061 1165 2129 flmme-

89 2181 163 2246 sius
183 2196 251 2243 non
263 2157 381 2245 ¹solum
400 2180 563 2268 purgatus
586 2176 648 2241 erit
668 2172 713 2238 ab
735 2173 824 2239 numi
843 2177 1091 2261 perversitate,
1112 2178 1169 2245 scd

88 2305 213 2383 etiam
240 2301 414 2388 propter
446 2297 633 2362 eximium
662 2312 777 2375 suum
808 2293 847 2357 in
874 2292 1002 2359 rebus
1026 2297 1172 2366 saluta.

88 2419 210 2489 cibus
231 2416 412 2486 studium
431 2411 581 2478 iisdem
601 2408 797 2478 laudibus
818 2411 1084 2484 afficiendus
1100 2423 1173 2502 est,

75 2539 242 2630 'quibus
272 2534 340 2603 illi
367 2532 517 2599 affecti
548 2535 654 2597 suut
697 2532 752 2598 An
772 2529 964 2618 putabimus
985 2532 1174 2605 Sanctissi.

88 2681 180 2728 mum
204 2659 338 2726 Patrem
370 2655 406 2721 in
431 2656 558 2720 tautam
588 2636 737 2717 incidero
766 2651 1025 2718 inconstantiam
1058 2676 1174 2743 posse,

96 2784 153 2864 ut,
181 2797 268 2865 quae
289 2777 325 2841 iu
345 2772 419 2839 aliis
441 2766 677 2859 approbaverit
697 2773 799 2854 atquc
821 2768 1022 2854 laudaverit,
1058 2774 1187 2841 eadem·

94 2901 130 2966 in
164 2896 339 2966 Hermesio
375 2888 616 2987 approbatione
652 2906 693 2953 ac
729 2885 884 2954 laudibus
919 2886 1058 2975 indigna
1098 2914 1178 2961 esse

92 3012 255 3087 censeat?
299 3007 465 3101 Omiram
490 3008 642 3073 veritatis
663 3007 747 3089 vim,
775 2995 862 3093 quac
890 3008 1019 3092 erigere
1047 3012 1179 3080 animos

55 3148 57 3153 '
93 3139 194 3205 ctiam
221 3136 256 3200 in
282 3128 385 3207 rebus
414 3126 550 3193 afflictis
570 3130 607 3191 et
626 3121 811 3191 incredibili
831 3122 1030 3211 perfundere
1054 3129 1179 3199 solatio

93 3252 212 3342 queat!
234 3251 317 3317 Mihi
339 3251 442 3329 certo,
465 3264 566 3331 quum
577 3264 618 3309 ea
628 3244 789 3330 recogito,
811 3263 899 3329 quae
920 3249 1119 3314 sexcenties
1136 3270 1181 3318 ex

91 3373 270 3441 Hermesio
299 3389 375 3435 cum
401 3368 436 3432 in
461 3359 607 3449 publicis
640 3360 813 3427 auditoriis
840 3367 911 3427 tum
936 3363 1095 3448 privatim
1121 3388 1183 3435 au·

93 3491 172 3574 divi,
194 3509 349 3577 quaeque
369 3487 403 3550 in
424 3479 517 3547 libris
540 3482 614 3547 eiu's
637 3483 710 3546 sinc
731 3477 798 3546 ulla
817 3479 997 3547 verborum
1016 3480 1184 3573 ambigui-

88 3615 167 3677 tate
190 3608 360 3674 cuuntiata
381 3600 599 3688 reperiuntur,
620 3619 741 3685 magna
763 3600 863 3666 animi
883 3599 1109 3687 tranquillitas
1131 3624 1185 3670 rc-
1206 3607 1211 3614 '

96 3728 157 3811 dit,
178 3744 299 3813 nmgna
321 3741 402 3809 spes
415 3714 581 3784 etfiducia
602 3717 778 3799 excitatur,
799 3716 884 3800 fore,
906 3722 945 3783 ut
964 3720 1187 3789 tristissimus

58 3914 61 3920 ,
98 3865 201 3914 casus
223 3849 259 3911 et
280 3840 512 3909 detrimentum
533 3833 702 3900 ecclcsiae
724 3832 910 3903 catholicae
930 3837 1088 3903 minitans
1104 3839 1184 3909 Deo

95 3967 231 4032 iuvante
257 3963 291 4027 in
317 3960 442 4026 bonum
468 3958 588 4021 vertat
637 3952 709 4017 vos
738 3973 874 4036 omncs,
906 3952 1031 4041 quibus
1060 3958 1183 4026 eadem

96 4083 270 4169 prorsuasio
292 4077 452 4160 inhaeret,
475 4094 518 4146 ex
533 4069 711 4139 recolenda
732 4072 899 4141 llenncsii
920 4071 1075 4141 doctrina
1095 4096 1179 4145 ean·
