2514 4792
10 612 35 661 ‘a

579 296 658 365 m

72 466 329 567 gentoratensis
355 486 400 549 et
433 482 594 551 inumensa
625 479 871 568 Theologormn
901 479 1076 553 multitudo
1105 486 1153 551 itu
1218 552 1221 558 .

70 604 220 684 censet,
247 620 358 688 nequo
385 603 517 667 omuino
545 598 696 668 illicitum
722 619 802 667 esse
822 602 988 687 inquirere
1009 602 1052 671 de
1070 622 1154 671 vera

10 714 39 755 ·'
66 714 242 804 religione
261 758 306 770 -
326 739 405 785 nam
425 718 606 806 quomodo,
638 737 779 807 quaeso,
810 720 843 785 si
861 740 929 786 non
948 719 1077 804 liceret,
1109 720 1165 813 dc·

15 862 19 871 ·
64 834 168 903 false
197 835 356 924 religione
385 858 425 904 se
451 836 594 906 liberare
627 843 772 927 possent
796 835 1063 905 Muhammedani
1093 843 1154 905 aut

10 1020 12 1025 .
63 950 156 1021 altit
178 959 279 1021 -et
299 962 395 1025 recto
416 957 554 1024 rationis
576 977 642 1023 usu
663 959 862 1044 sinceraque
884 962 1154 1046 argumentorum

63 1073 346 1142 consideratione
376 1094 442 1142 nos
473 1095 515 1144 eo
543 1073 668 1143 adduci
696 1080 732 1143 et
750 1096 858 1163 posse
878 1080 915 1143 et
940 1074 1083 1160 debere,
1112 1081 1154 1145 ut

14 1176 27 1183 ⁸
62 1189 314 1261 revelationem
334 1192 478 1261 divinam
497 1214 560 1281 per
578 1193 701 1261 Jesnrn
721 1191 891 1266 Christum
910 1194 1010 1293 modo
1032 1215 1151 1283 snper-

10 4008 24 4063 ¹,

62 1308 219 1379 naturali
237 1311 372 1394 factam,
383 1332 463 1380 esse
483 1310 670 1381 firmissime
690 1310 869 1383 credamus
889 1319 950 1381 aut
969 1313 1150 1381 credentes

65 1428 314 1496 confirmemur.
356 1429 450 1498 ldem
476 1432 649 1500 contendit
675 1428 741 1499 lroc
770 1432 865 1501 facto
894 1430 1025 1497 idoneis
1051 1450 1150 1518 argu-

63 1549 197 1615 meutis
225 1550 427 1634 constituto,
454 1549 559 1638 (quod
579 1548 651 1617 tisri
670 1555 750 1619 auto
771 1551 881 1619 omnia
901 1547 1057 1633 debeat‚)
1081 1542 1150 1635 pri·

63 1686 163 1733 mum
183 1662 264 1733 illud
286 1664 384 1751 effici,
405 1673 444 1734 ut
464 1665 595 1755 singula
615 1688 770 1756 quaeque
790 1666 880 1747 Jesu
902 1664 1027 1735 Christi
1047 1666 1151 1735 effata

63 1789 213 1872 propter
231 1782 435 1853 infallibilem
454 1788 689 1854 auctoritatem
708 1785 853 1852 divinam
879 1782 1048 1855 credenda
1067 1787 1149 1868 sint,

67 1902 196 1970 deiude
216 1901 297 1972 illud
324 1923 478 1993 quoqne,
504 1906 598 1971 utin
618 1902 766 1971 ecclesia
785 1925 808 1969 a
827 1901 915 1972 Jesu
929 1901 1072 1979 ,Christo
1097 1905 1148 1970 in·

73 2022 195 2089 suna
215 2016 386 2091 infallibilo
406 2020 637 2108 Magisteripru
651 2019 902 2107 agnoscendum
915 2023 973 2104 sit,
995 2026 1031 2087 et
1044 2040 1149 2107 agne·

68 2139 237 2209 scendum
258 2140 393 2228 «pridem
413 2146 551 2228 propter
569 2138 751 2229 peculiaria
772 2137 936 2226 quaedem
950 2138 1051 2217 effata
1070 2158 1148 2226 pro-

65 2259 226 2348 phetica,
258 2257 382 2347 quibus
409 2258 577 2326 ecclesiae
604 2279 688 2325 suae
715 2257 822 2325 Jesus
851 2254 1006 2323 Christus
1032 2253 1147 2323 fallere

65 2380 212 2447 nescius
238 2376 408 2465 pollicitus
434 2381 490 2443 est
516 2375 680 2464 Spiritum
700 2373 874 2469 Sanctam
913 2373 1063 2453 ,Omnino
1083 2375 1146 2461 igi·

65 2504 124 2567 tur
145 2496 346 2566 llermesius
366 2489 535 2565 iul'allibile
556 2497 591 2565 in
616 2493 765 2565 ecclesia
790 2490 958 2571 catholica
984 2492 1146 2581 Magiste-

64 2691 277 2710 ...Μ

65 2826 70 2835 ’
156 2820 269 2884 tantiae,
287 2822 364 2889 ‘quae
387 2819 475 2871 credit
491 2837 546 2873 non
568 2823 631 2870 aute
653 2816 800 2889 inquirensss
824 2818 921 2871 reverti
938 2816 1066 2869 delemus
1082 2832 1145 2867 uos·

157 2925 210 2975 quc
238 2910 392 2957 convortere
414 2907 449 2957 ud
470 2904 665 2965 auctoritatem,
691 2909 722 2955 ut
744 2905 919 2974 accipiamus.
957 2901 1062 2966 Quodsi
1078 2902 1146 2953 tacti

156 2992 287 3043 fuerimus
305 2991 376 3041 siout
391 2990 507 3059 parvuli,
525 2994 553 3040 et
570 2991 594 3040 si
610 3006 716 3040 omnem
733 2989 900 3058 disquirendi
918 2987 1070 3058 superbiem
1082 2988 1146 3038 mis·

159 3078 217 3128 sain
245 3076 406 3138 fecerimus3
437 3076 575 3146 aperietur
598 3074 677 3126 nolis
707 3090 820 3143 reguum
848 3073 1018 3125 coelorum.“
1062 3070 1145 3124 lterue

160 3163 337 3223 ,‚dnctoritaa
362 3160 503 3226 (ecclesiae
527 3158 686 3227 catholicae)
709 3158 745 3209 ad
767 3174 818 3210 uos
840 3158 967 3210 accedere
992 3156 1088 3222 debet,
1115 3162 1149 3208 ut

159 3254 283 3307 testetur,
300 3248 389 3316 ipsam
407 3250 515 3315 oportet
536 3261 594 3295 esse
612 3244 737 3304 activam,
754 3260 805 3295 uos
822 3244 963 3313 passivos3
988 3244 1048 3312 ipsa
1065 3242 1148 3294 debet

158 3334 264 3394 docere,
293 3337 322 3385 et
338 3331 396 3383 solo
419 3327 697 3398 quinem'oestimouto
715 3345 781 3390 suo,
797 3330 922 3381 invocata
939 3337 1081 3397 apparere,
1103 3328 1146 3378 in·

156 3423 250 3471 vocata
267 3432 318 3469 uns
334 3416 480 3484 inquirere.
513 3415 565 3467 Est
580 3420 670 3468 uatem
686 3413 752 3466 laec
769 3420 873 3466 tautum
896 3413 1042 3464 auctoritas
1066 3410 1146 3462 also·

157 3504 214 3555 luta
225 3522 234 3567 3
247 3520 310 3554 narn
327 3500 465 3562 Sirenses,
483 3498 555 3562 ludi,
573 3498 800 3565 Muhammedani,
818 3500 873 3569 ipsi
885 3497 967 3550 ctiam
977 3497 1075 3549 Judaei
1090 3512 1147 3548 uon

158 3594 222 3641 suat
246 3588 309 3640 talis
332 3585 488 3647 auctoritas,
511 3588 794 3656 proptereaquod
822 3603 885 3639 non
908 3585 1058 3643 docent,'
1082 3598 1147 3633 uon

158 3679 335 3726 tentantur
358 3689 470 3724 coram
486 3670 603 3731 uobis,
634 3657 693 3723 aad
715 3686 831 3723 coram
854 3670 939 3729 suis,
964 3685 1018 3737 quo
1042 3667 1089 3728 nt,
1114 3660 1159 3718 ut'

156 3760 279 3830 ipsorum
300 3759 410 3810 traditio
430 3754 523 3826 'quoad
538 3756 654 3808 formam
678 3763 706 3809 et
721 3757 830 3807 modurn
852 3754 1005 3806 traditionis
1028 3751 1147 3805 confluat

155 3860 219 3895 cum
237 3844 381 3895 traditione
407 3842 513 3911 generis
537 3838 648 3893 hnmani
667 3843 743 3911 (weil
767 3842 806 3893 sie
819 3840 850 3910 ja
867 3836 945 3891 nicht
963 3836 1074 3899 lelrren,
1098 3852 1147 3888 vor

155 3946 211 3983 uns
227 3928 306 3980 nicht
321 3945 433 3996 ucugeu,
452 3927 568 3979 sonderu
584 3943 633 3980 vor
649 3929 702 3978 den
718 3914 836 3995 llari‘gen,
860 3922 989 3991 wodurcla
1005 3922 1064 3976 ilrre
1081 3922 1146 3974 Τη-

155 4016 247 4068 ditiou
269 4016 318 4066 der
340 4014 421 4065 nom
438 4010 523 4074 uaelr,
547 4014 596 4066 der
619 3994 936 4079 Urberlielerungsweise
962 4006 1036 4060 llrres
1060 4009 1145 4076 Zeug-

152 4101 245 4151 uissos
262 4098 349 4162 uach,
370 4099 420 4152 mit
436 4098 485 4153 der
500 4098 548 4153 des
571 4095 771 4152 neascllieheu
789 4091 964 4149 Geschlechts
982 4110 1145 4147 zusammen-

150 4185 266 4255 ftllt.)‘⁸
