2514 4792
565 210 616 289 1'3

43 411 129 477 dem
150 411 304 497 poteritis
335 408 604 499 consolationem,
632 428 738 494 spem,
766 408 918 477 fiduciam
939 416 1121 501 percipere.

46 530 157 614 Agite
182 530 292 613 igitur,
315 548 358 592 ne
377 530 471 593 vanis
493 526 786 594 vociferationibus
807 530 855 594 uti
877 549 1007 618 nosque
1029 537 1123 621 ipsos

50 647 168 723 lbllere
189 646 370 728 videamur,
401 643 574 731 diligenter
600 648 817 731 inquiramus:
850 668 949 716 eane
971 652 1126 719 cudant

49 764 375 845 inflermesium,
390 778 502 851 ‘quae
525 764 792 830 inHermesio
808 766 996 857 «damnata
1017 779 1124 856 sunt,

13 912 16 917 ·
41 890 93 951 ct
113 902 239 950 veras
261 883 400 949 eximii
420 883 617 950 Doctoris
639 885 891 969 sententias,
918 892 1125 973 pertinen·
1181 896 1184 901 '

49 1010 120 1069 tes
141 998 242 1066 illas
264 999 432 1087 qussidem
453 1000 503 1067 ad
524 1022 574 1067 ea
595 1004 753 1088 capita,
775 1006 941 1087 quaein
962 1005 1126 1075 litte-ris

51 1118 321 1207 Apostolicis
357 1126 744 1204 commemorantur,
780 1120 926 1188 sedulo
962 1122 1125 1213 religio-

45 1260 183 1327 seque
203 1236 516 1325 perlustremus.

144 1352 340 1421 Clamabunt
360 1352 521 1421 nonnulli:
550 1364 674 1442 quanta
695 1357 852 1425 audaciai
878 1367 1002 1446 quanta
1022 1368 1126 1431 teme·

59 1473 158 1541 ritasf
192 1478 315 1561 quauta
339 1473 374 1537 iu
401 1469 657 1541 Sanctissimum
683 1475 816 1544 Patrem
836 1480 1004 1566 impietus!
1046 1482 1129 1551 Mihi

58 1614 139 1663 vero
170 1590 213 1657 de
234 1590 303 1673 his,
330 1591 389 1676 qui
416 1589 502 1657 tales
529 1590 615 1658 illico
639 1592 802 1662 clamores
824 1600 987 1684 excitant,
1023 1624 1129 1689 posse
1165 1650 1171 1661 =

52 1712 144 1780 idem
165 1711 233 1779 dici
259 1709 408 1791 videtur,
443 1709 533 1794 qood
553 1710 755 1779 Muratorius
783 1716 830 1781 ait
850 1718 884 1782 in
905 1740 1007 1786 aureo
1028 1743 1130 1807 opere

51 1832 110 1899 illu
125 1831 173 1898 de
194 1828 455 1917 Ingeniorum
468 1827 753 1900 Moderatio'ne
772 1831 828 1899 lib.
838 1833 1018 1923 impla:
1041 1842 1130 1923 „Fa-

51 1959 141 2037 nor,
161 1949 327 2017 laudanda
342 1955 398 2017 est
407 1949 523 2015 horum
538 1949 645 2038 proba
660 1948 826 2035 voluntas,
848 1953 911 2019 sed
920 1976 987 2020 uon
997 1963 1053 2023 est
1062 1959 1130 2025 dis-

56 2068 243 2137 simrdanda
264 2066 377 2155 aliqua
397 2070 430 2133 in
451 2070 494 2135 iis
514 2068 678 2134 interdum
698 2070 860 2136 scientiae
881 2076 922 2157 et,
935 2074 1130 2160 prudentiae

60 2190 184 2276 inopia.
225 2184 385 2283 lfrdelieet
411 2188 543 2253 nimium
564 2186 746 2272 suspiciosi
767 2192 803 2254 et
827 2193 952 2257 morosi
973 2201 1067 2280 suut,
1095 2203 1132 2265 et

56 2308 131 2375 illic
150 2304 309 2373 interdum
328 2308 446 2373 timore
467 2304 650 2394 trepidant,
676 2302 736 2370 ubi
755 2324 823 2373 non
844 2314 899 2377 cst
918 2312 1023 2381 timor.
1066 2317 1130 2385 At·

53 2449 128 2517 que
149 2428 271 2493 utinam
291 2430 418 2491 tanturn
432 2422 612 2493 Ecclesiae
633 2430 773 2493 sanctae
792 2427 1005 2516 prodessent,
1027 2454 1131 2520 quan-

52 2554 130 2614 bun
148 2566 271 2612 nocere
291 2549 437 2633 possunt
457 2543 646 2612 huiusmodi
666 2544 885 2632 clamoribus,
911 2552 1009 2617 minis
1029 2558 1133 2641 atoue

52 2664 275 2754 tragoediis“
330 2662 421 2729 Nibil
455 2683 518 2730 nos
550 2663 721 2731 moliemur
754 2666 918 2735 adversus
953 2670 1133 2739 ecclesiam

53 2782 276 2869 catholicam,
306 2779 387 2849 nihil
415 2780 578 2849 adversus
606 2782 774 2851 ecclesiae
800 2784 985 2857 catholicae
1007 2786 1135 2878 Caput3

54 2902 252 2991 longissime
274 2899 381 2971 aberit
406 2922 500 2968 meus
521 2906 637 2966 nostra
658 2923 678 2966 a
699 2906 793 2970 tanta
813 2907 1010 2973 temeritate.
1054 2888 1132 2979 om.

55 3028 149 3107 nino,
171 3022 252 3111 quud
273 3022 466 3103 sentiamus,
488 3024 605 3108 aperte
627 3024 663 3087 et
683 3024 755 3087 siue
776 3020 843 3088 ulla
855 3022 912 3089 vel
926 3023 1133 3092 simulatione

54 3144 114 3214 vel
135 3118 397 3211 dissimulatione
424 3138 665 3228 profitebirnur3
700 3138 749 3225 (id
770 3142 856 3207 enim
876 3136 964 3208 Jesu
986 3126 1132 3227 Christo,

57 3264 172 3330 divino
200 3257 385 3342 Salvaturi,
423 3258 459 3325 id
485 3255 650 3345 Supremo
673 3261 746 3325 eius
771 3236 908 3328 vicario
928 3267 962 3328 et
987 3261 1132 3350 Episco-

60 3382 134 3468 pis,
171 3378 208 3445 id
233 3380 297 3444 toti
328 3368 496 3444 eeclesiae
529 3366 715 3444 catholicae
751 3377 946 3467 debemusz)
981 3386 1018 3446 at
1047 3379 1133 3447 haec

14 3550 18 3557 .
60 3501 135 3587 ipsa
154 3497 335 3586 professio,
357 3496 499 3561 omnium
518 3495 810 3566 Hemresiauorum
831 3501 1024 3583 communis,
1046 3501 1134 3566 eius·

57 3616 151 3685 modi
171 3617 250 3699 erit,
277 3621 316 3681 ut
336 3611 559 3681 Sanctissimo
581 3615 672 3682 Patri
693 3614 848 3682 solatium
869 3616 997 3701 afferat,
1023 3616 1133 3683 tollat·
1234 3674 1238 3683 .

58 3756 128 3824 que
142 3740 273 3829 partem
292 3732 435 3821 adquam
457 3731 858 3825 ermensendam,
880 3734 1002 3823 quibus
1022 3742 1134 3823 pater·

55 3874 138 3921 nom
165 3854 238 3919 eius
265 3855 407 3917 animum
438 3872 506 3925 ¹non
540 3854 614 3918 siue
642 3870 746 3917 eausa
771 3854 875 3939 premi
902 3854 1053 3919 videmus
1080 3851 1134 3919 bis

55 3970 259 4040 turbulentis
279 3968 497 4057 temporibus,
524 3972 602 4057 poci
624 3971 755 4051 civium,
785 3967 944 4057 religioni,
968 3968 1134 4039 ecclesiae

52 4089 126 4159 Dei
146 4089 381 4158 infestissimis.
426 4090 602 4176 Agnoscet
622 4086 866 4171 Sanctissimae
876 4088 988 4170 Pater,
1011 4092 1044 4153 et
1065 4084 1134 4153 lae-
