2514 4792
500 232 578 297 loa

65 435 105 497 e,
133 414 294 481 universa
319 412 453 495 madido
475 422 511 483 et
531 414 696 485 eeclesiae
724 416 908 483 catholicae
937 420 1072 487 decreta

65 536 149 604 aaut
175 530 219 599 de
240 530 371 619 gratiss
390 534 597 603 necessitate
624 532 668 601 ad
689 530 788 601 fidem
816 532 902 601 illam
930 540 1072 624 srrscipi-

65 672 125 717 am.
175 644 325 735 Nullum,
354 670 399 719 ne
426 648 631 720 levissimum
652 654 798 741 quidem,
827 651 882 721 vel
911 656 1071 723 ltatioou-

65 766 159 837 rivel
178 766 415 857 Pelagianismi
434 770 612 857 vestigium
627 770 891 859 deprehenditur,
913 774 977 838 nisi
992 793 1071 840 cou-

65 886 135 972 las‚
159 908 224 977 per
250 886 507 976 paralogismum
529 888 676 973 seilicet,
706 890 763 975 qui
784 888 1072 957 demonstrandam

65 1006 165 1095 cipiet
190 1004 428 1075 revelationem
453 1004 597 1075 divinam
622 1013 726 1095 atque
751 1006 795 1073 ad
822 1004 909 1073 hauc
936 1006 1071 1075 demon-

65 1126 195 1193 dionem
218 1125 446 1193 necessariam
475 1124 567 1193 dicat
591 1126 728 1195 rationis
754 1144 870 1209 usum,
903 1147 979 1193 eum
1005 1126 1071 1197 hae

65 1270 71 1311 ι
90 1264 130 1313 re
150 1262 230 1313 eum
254 1240 485 1313 Rationalistis
511 1248 571 1311 aut
594 1242 781 1331 Pelagianis
807 1244 920 1311 facere
942 1264 1070 1311 eorum·

82 1358 208 1449 vexilla
227 1362 337 1450 sequi.
379 1364 457 1447 „At
477 1361 672 1429 Hermesius
686 1364 720 1429 iu
733 1360 978 1429 hrtroductione
993 1363 1069 1429 Phi-

65 1478 169 1571 qrhica
182 1498 252 1547 non
264 1478 391 1549 diserte
405 1479 507 1549 docet
519 1482 646 1569 gratiae
659 1483 932 1564 necessitateru“
965 1478 1070 1563 Quasi

65 1606 163 1669 aaut
179 1594 356 1667 debuisset
382 1604 442 1667 aut
467 1600 566 1667 etiam
586 1602 756 1691 potuisset
776 1622 817 1668 eo
838 1598 914 1667 loeo
936 1599 1068 1669 docere.

65 1716 209 1809 asaphio
237 1712 311 1803 vel,
346 1719 377 1785 si
397 1720 505 1807 magis
530 1716 660 1807 placet,
695 1720 770 1807 ipsa
802 1722 886 1787 ratio
918 1742 991 1805 per
1021 1742 1067 1787 se

65 1858 85 1905 a
116 1844 155 1907 et
184 1838 219 1905 in
238 1834 305 1905 hoc
333 1856 457 1925 genere
488 1843 524 1905 et
542 1837 577 1904 in
597 1834 670 1903 aliis
700 1834 849 1925 piurimis
879 1835 958 1901 nihii
985 1840 1068 1903 certi

65 1955 141 2023 aire
159 1960 283 2043 potest.
325 1956 447 2044 Neque
467 1957 566 2043 igitur
586 1953 727 2021 affirmat
746 1974 856 2041 neque
871 1958 983 2041 negat,
1004 1953 1067 2020 sed

65 2090 86 2139 s
103 2070 223 2141 limites
238 2094 432 2161 agnoscens
455 2072 582 2143 alfiods
603 2073 717 2161 potius
738 2072 947 2137 auctoritatis
969 2072 1065 2137 testi-

65 2190 147 2257 rium
170 2183 341 2261 desiderat
386 2191 542 2260 Ceterum
567 2194 602 2259 in
633 2194 749 2258 nostra
776 2189 973 2277 quaestione
1000 2186 1066 2253 hoc

65 2328 119 2379 em
146 2310 241 2381 etiam
268 2316 362 2377 reeta
383 2312 467 2377 ratio
494 2306 624 2377 infitiari
643 2330 711 2377 non
731 2312 862 2396 potest,
893 2307 936 2373 ad
958 2306 1066 2371 omnia

65 2430 178 2497 aarum
196 2434 380 2521 praecepta
400 2430 462 2497 rite
485 2426 693 2518 exequenda,
727 2426 870 2493 maxirne
891 2431 1001 2491 autem
1022 2424 1066 2490 ad

65 2544 216 2617 sentam
246 2546 325 2615 fidei
354 2548 584 2615 assensionem
612 2542 834 2613 moraliter
868 2564 1066 2611 neccssa-

65 2686 107 2751 n,
137 2671 265 2755 quaet
292 2665 403 2735 divina
423 2666 516 2754 origo
539 2670 575 2733 et
594 2667 720 2733 veritas
742 2661 913 2731 doctrinae
936 2662 1067 2729 christi-

65 2809 71 2849 ε
92 2784 170 2853 sine
190 2782 258 2853 ulla
272 2782 493 2853 haesitatione
508 2783 666 2870 ereditur,
686 2781 822 2851 liberam
843 2781 985 2853 hominis
1006 2804 1065 2848 vo·

65 2910 154 2971 atem
174 2922 239 2971 sua
258 2908 377 2970 natura
396 2901 495 2970 valde
515 2901 646 2970 tardam
667 2907 769 2988 atque
796 2898 955 2967 infirmam
974 2920 1067 2983 esse,
1192 2998 1195 3004 Ι

65 3020 207 3115 quidem,
226 3027 266 3091 ut
285 3022 386 3088 etiam
405 3019 470 3087 soli
491 3021 609 3087 rationi
628 3017 886 3105 haudquaquam
906 3017 978 3084 veri
998 3013 1066 3081 dis·

65 3138 110 3209 lis
130 3139 237 3208 videri
256 3137 381 3225 debeat
393 3137 520 3207 altioris
540 3138 731 3203 necessitas
752 3132 876 3219 auxilii,
897 3154 964 3222 quo
979 3133 1067 3200 sran-

65 3282 88 3327 .ι·
109 3255 305 3328 reluctantis
327 3254 620 3345 concupiscentiae
647 3252 816 3338 violentia,
844 3258 880 3320 et
899 3249 1068 3335 voluutas,
1183 3330 1186 3338 Ι

65 3398 78 3447 )
103 3374 224 3447 robora
246 3378 457 3446 extrinsecus
479 3379 633 3462 accepto,
654 3377 771 3460 parata
792 3370 850 3438 fiat
871 3368 915 3437 ad
935 3368 1068 3457 pertici·

65 3514 117 3565 rm
136 3494 171 3565 id
177 3543 190 3580 ,
222 3495 313 3585 quod
340 3498 412 3563 suis
432 3492 560 3561 viribus
587 3490 749 3582 perticere
769 3510 837 3557 non
857 3486 977 3557 valeat
1020 3488 1069 3557 At

65 3602 147 3699 'ecto
174 3612 399 3683 dubitationes
426 3615 525 3680 etiam
547 3609 589 3681 de
616 3610 681 3679 hac
709 3610 930 3699 quaestione,
955 3625 1069 3695 mrem·

65 3733 174 3803 rodum
195 3733 237 3801 de
259 3731 333 3802 aliis
352 3730 513 3822 plurimis,
534 3729 689 3798 residuae
711 3726 796 3795 fiunt
816 3730 850 3793 in
871 3725 945 3793 solo
959 3722 1069 3792 Philo·

65 3854 137 3923 hiae
159 3871 286 3940 campo.
330 3846 439 3933 Quum
465 3850 605 3938 priunum
626 3852 736 3915 autem
759 3848 842 3913 ratio
864 3851 981 3911 nostra
1001 3862 1071 3909 mo-

65 3996 77 4042 ι
109 3973 257 4041 externis
290 3967 516 4057 eo,perducta
538 3972 593 4035 est
623 4005 666 4018 -
698 3972 734 4033 et
765 3969 899 4053 oportet
929 3983 969 4030 eo
996 3982 1072 4049 per-

66 4094 77 4159 i
105 4130 166 4175 -,
201 4096 241 4159 ut
270 4088 454 4158 doctrinam
488 4084 700 4155 christianam
732 4081 889 4150 divinitus
920 4080 1073 4148 traditan
