2514 4792
404 227 457 235 ”
550 264 723 377 ere¹

63 443 109 509 ed
133 444 205 511 veri
235 445 425 523 inveniendis
455 432 572 518 etrite
605 448 819 518 confirmandi
846 447 967 520 studio
990 452 1123 527 duetus

63 560 211 650 {equitur
231 542 467 645 methodum
485 565 739 664 analyticam
752 564 819 653 vel,
840 571 873 646 si
884 567 1009 658 placet,
1030 568 1125 655 heu·

63 681 256 765 istieam,
284 705 390 770 quem
418 687 581 773 potiorem
609 682 713 754 habet
731 685 890 755 methodo
919 686 1139 787 apothetica,

63 802 153 888 ragis
169 800 317 889 ¹probata
338 802 422 870 aliis.
466 794 691 872 Posterioreni
712 808 771 894 qui
784 807 987 899 praeferunt,
1009 808 1124 876 statim

63 940 72 985 ι
95 923 175 1008 ipso
196 918 307 988 limine
335 928 463 1008 ponunt
487 919 604 990 theses
625 922 681 992 vel
702 921 922 994 affirmativas
941 927 1000 995 vel
1020 949 1121 1016 nega·
1152 944 1155 951 '
1188 994 1194 1004 ,

63 1057 145 1120 vas,
168 1043 239 1105 tum
260 1047 453 1126 argumenta
466 1038 671 1128 subiungrmt
689 1040 878 1130 probantia,
898 1043 1019 1132 hisque
1040 1045 1121 1115 suh-
1208 1022 1210 1031 Ι

63 1157 168 1223 motis
184 1155 321 1253 *demum
342 1179 384 1226 eo
406 1157 658 1247 aggrediuntur,
679 1166 719 1241 ut
740 1165 906 1229 contraria
927 1155 1121 1250 argumenta

63 1272 195 1343 ofellant
222 1278 257 1342 et
274 1275 491 1346 'obiectiones
519 1276 715 1347 dissolvant
764 1273 890 1346 Contra
915 1280 1007 1370 quod
1033 1282 1121 1349 Her-
1251 1323 1254 1337 ι

63 1395 169 1460 esius
191 1392 235 1460 ah
255 1395 348 1461 initio
369 1396 552 1485 interrogat
572 1419 635 1467 seu
656 1399 888 1488 quaestionem
906 1401 1063 1489 proponit
1076 1438 1119 1454 --

63 1510 146 1580 eluti
167 1510 233 1581 hoo
254 1511 369 1581 modo:
393 1535 436 1580 an
449 1513 546 1583 Deus
568 1513 646 1585 est?
668 1539 712 1585 an
730 1515 803 1586 fieri
822 1520 941 1606 potuit,
963 1523 1002 1586 ut
1021 1517 1120 1589 Deus

63 1616 285 1717 rpernaturali
306 1633 362 1699 via
375 1653 415 1699 se
429 1636 638 1720 patefaceret
658 1638 772 1724 generi
792 1633 958 1703 humano?
980 1657 1023 1703 no
1038 1637 1133 1705 doe·
1188 1710 1191 1715 ,
1231 1641 1232 1644 ’
1252 1702 1256 1709 .

63 1750 125 1815 ino
156 1747 356 1834 christiana,
388 1773 477 1839 quae
505 1773 547 1821 se
574 1755 732 1825 divinitus
758 1755 912 1822 traditam
932 1752 1117 1843 profitetur,

63 1887 158 1939 evene
178 1866 255 1935 talis
277 1867 434 1937 habenda
455 1867 534 1938 est?
554 1893 598 1938 an
619 1871 765 1941 ecelesia
788 1870 954 1939 catholiea
968 1878 1023 1959 est
1036 1892 1117 1940 vera

63 1983 169 2059 ihristi
188 1985 358 2057 eeclesia?
378 2026 422 2038 -
448 1988 569 2056 deinde
589 1994 694 2057 totam
715 1992 946 2079 quaestionem
969 1987 1034 2056 suh
1056 1988 1115 2056 du·
1162 1993 1163 1996 ’

63 2104 168 2171 itandi
189 2109 305 2194 speeie
327 2088 381 2173 vet
401 2109 514 2194 potius
540 2109 764 2196 interrogandi
784 2108 889 2176 forma
909 2107 1115 2194 propositam
1217 2112 1220 2117 “
1249 2168 1253 2175 .

63 2223 160 2290 ividit
179 2226 212 2290 in
235 2208 352 2312 partes
374 2246 475 2321 suas,
505 2224 635 2314 hasque
665 2248 782 2294 rursus
802 2244 865 2315 per
884 2226 1114 2310 interrogatio·
1148 2212 1151 2216 ’

63 2363 100 2409 rs
122 2345 288 2429 exprimit,
314 2352 519 2432 postremum
539 2343 680 2432 singulis
701 2344 891 2434 quibusque
912 2346 1126 2432 quaestioni:
1158 2409 1162 2420 „

63 2482 101 2528 rs
136 2465 337 2540 constitutis,
361 2466 501 2551 inipso
533 2463 763 2551 disquisitione
795 2465 843 2530 ito
870 2467 1035 2546 versatur,
1065 2467 1112 2543 ut,
1200 2452 1203 2458 ’

63 2600 125 2648 uae
153 2583 321 2666 pertinent
341 2582 385 2661 ad
406 2601 476 2650 rem
501 2578 687 2671 quaesitam
707 2558 918 2670 possuntque
938 2584 972 2649 in
993 2585 1114 2647 utram·

63 2719 103 2764 re
125 2705 256 2783 partem
275 2703 427 2788 proferri,
441 2700 549 2769 >simul
561 2703 671 2768 omnia
685 2699 955 2790 comprehendat,
977 2698 1113 2786 diligen·

63 2839 88 2883 rr
110 2819 197 2885 inter
217 2838 257 2885 se
279 2825 466 2908 comparet,
488 2823 674 2904 examinet,
704 2802 831 2888 eorum
844 2819 977 2908 pondus
998 2815 1113 2904 explo·
1194 2871 1213 2884 .

63 2941 101 3018 't'
117 2934 233 3004 ³¹⁰¹¹⁰⁰
255 2938 300 3005 ad
320 2945 448 3007 certum
468 2939 607 3023 exitum,
628 2937 663 3004 id
684 2943 741 3004 est
761 2920 808 3004 ad
825 2937 942 3005 theses
956 2932 1012 3000 vel
1025 2931 1112 3001 affir-
1136 2947 1141 2959 ’
1240 2929 1249 2936 “

65 3053 181 3121 ativae
207 3054 263 3122 vel
281 3059 474 3145 negativae,
501 3040 723 3144 perveniatur.
765 3053 823 3124 Ex
849 3053 903 3123 his
923 3055 989 3120 iam
1010 3072 1112 3141 appa·

63 3179 99 3255 t,
123 3173 206 3260 quid
227 3180 447 3241 accusatores
468 3176 503 3242 in
515 3193 590 3243 eam
611 3174 805 3261 opinionem¹
818 3172 1005 3254 adduxerit,
1026 3168 1112 3239 Her·

63 3293 178 3359 resium
210 3292 352 3359 otdiria
385 3290 527 3376 „Dubio
558 3293 755 3380 positivo;“
791 3290 948 3360 videlieet
977 3291 1044 3357 vim
1070 3308 1112 3356 ao

63 3416 189 3477 ituram
208 3410 355 3479 methodi
375 3411 563 3498 analytioae
585 3413 660 3478 sive
675 3409 1022 3510 heuristieaeminhne
1036 3427 1127 3514 per7.
1233 3392 1243 3411 “

63 3530 193 3617 rioiunt
236 3531 291 3597 ‘An
312 3530 378 3596 ista
399 3528 596 3619 methodus,
617 3549 705 3617 quae
727 3535 763 3597 et
783 3526 991 3596 incommoda
1010 3524 1114 3593 hahet

63 3669 100 3714 na
124 3652 162 3714 et
179 3668 260 3715 vero
283 3649 382 3715 etiam
403 3668 583 3737 permagna
604 3634 795 3731 commoda,
825 3626 969 3735 unquam
989 3643 1036 3712 ah
1056 3662 1112 3712 oo·

63 3765 143 3832 tesia
165 3766 319 3833 darnnata
341 3763 417 3834 esti
439 3788 483 3834 an
505 3765 644 3836 eandem
664 3764 855 3867 methodum
877 3752 1033 3839 damnare
1054 3784 1113 3832 vo·

63 3884 143 3952 risse
173 3883 362 3953 credendus
391 3890 445 3952 est
469 3883 714 3954 Sanctissimus
733 3879 857 3978 Pateri
893 3905 936 3951 an
956 3882 999 3951 D.
1023 3882 1114 3949 Tho·

63 4026 125 4088 ras,
145 4009 274 4072 tantum
294 4004 461 4072 eeetesine
482 4002 604 4086 lumen,
625 4004 683 4092 qui
704 4005 738 4070 in
754 4000 892 4070 Summo
907 4000 1112 4088 'ssreologiao

63 4096 139 4193 ioue
154 4122 397 4192 eodemmodo
420 4106 733 4211 atquoilermesius
754 4120 884 4210 ubique!
899 4119 1115 4211 quaestiones
