2514 4792
70 448 157 530 Cap.
181 449 234 513 Vl.
277 447 528 529 Prodigiaadesu
543 447 659 510 Christo
681 462 801 530 patrata.
840 455 916 531 Quid

112 549 148 611 de
162 569 247 611 causa
261 549 359 609 horum
380 549 522 612 efficiente
545 552 700 614 theoretica
721 555 794 613 ratio
815 575 867 635 per
881 568 913 616 se

67 662 68 666 ’
113 652 174 713 sola
195 653 310 713 efficere
338 653 434 732 possit.
477 651 621 715 Residuae
649 655 718 714 fiunt
747 654 914 718 duhitatiun-

115 755 196 816 culae
217 766 333 837 propter
354 754 473 834 aliquem
502 757 601 839 plenae
628 758 842 838 perspiciendae
864 759 913 820 de-

112 857 225 918 fectum.
269 855 328 918 Sed
348 867 425 936 patet
444 857 504 927 ahia
524 862 573 919 via
594 859 649 918 rite
675 861 857 941 perveniendi
879 862 915 922 ad

114 956 327 1047 certitudinem,
361 976 478 1038 eamque
512 961 667 1036 moraionr,
701 959 837 1040 dignitate
865 985 916 1023 sua

113 1079 211 1141 parem
232 1057 390 1120 certitudini
416 1060 600 1123 theoreticae.
643 1061 820 1133 Monstratur
842 1065 914 1124 hanc

113 1160 307 1224 certitudinem
330 1163 358 1221 in
379 1160 514 1241 prodigiis
535 1166 592 1225 iilis
614 1165 654 1224 ita
675 1184 728 1226 usu
750 1167 868 1243 venire2
885 1179 916 1226 ut

1 1284 3 1289 ·
113 1266 193 1326 nihili
206 1265 361 1327 aestimatis
382 1261 606 1326 dnhitatinncuiis
621 1266 786 1328 theoreticis
802 1270 914 1327 omuino

113 1376 244 1446 oporteat
265 1387 316 1427 nos
338 1363 454 1425 credere
476 1367 562 1426 inisse
577 1369 605 1427 in
618 1364 691 1428 'Jesu
712 1368 843 1428 altiorem
865 1389 916 1428 na·
1114 1441 1117 1453 Ι

116 1480 195 1529 turae
217 1468 323 1529 viribus
346 1469 487 1528 virtutem.
528 1469 603 1531 Veri
618 1469 747 1529 miraculi
769 1471 911 1530 criterium
955 1491 1023 1551 pag.
1111 1480 1137 1533 tt

71 1603 155 1683 Cap.
177 1603 245 1667 vtt.
288 1601 427 1662 Doctrina
455 1602 608 1663 christiana
636 1623 692 1663 non
714 1601 796 1663 modo
818 1624 916 1684 supcr-

112 1704 283 1777 naturalem,
306 1701 356 1763 scd
378 1705 460 1765 ctiam
476 1725 546 1767 vere
561 1704 682 1767 divinam
704 1707 841 1785 originem
864 1708 915 1768 ha-

112 1807 169 1867 het.
212 1805 416 1867 Testimonium
436 1807 507 1868 Jesn
523 1805 632 1868 Christi
654 1805 688 1867 dc
703 1825 755 1867 sua
776 1811 916 1871 missione.

16 1888 20 1897 ¹
112 1909 173 1970 Res
194 1903 451 1991 adiunctac,4quae
466 1908 530 1969 huic
545 1910 703 1972 testimonio
725 1906 917 1989 plenissimam

111 2011 195 2073 fidem
217 2009 393 2077 adsciscuntt
412 2011 488 2072 vitae
508 2013 653 2085 sanctitas,
683 2011 746 2072 finis
767 2013 918 2074 miraculo·

111 2134 184 2186 rum,
208 2114 380 2194 praestantia
401 2112 553 2177 doctrinae.
597 2110 746 2189 Quomodo
768 2099 917 2176 his'moti·

111 2217 154 2279 vis
176 2217 300 2276 externis
321 2216 395 2275 ratio
417 2227 512 2276 nostra
525 2235 561 2277 eo
575 2213 741 2290 adducatur,
766 2228 796 2276 ut
817 2216 912 2277 inheat
968 2250 972 2261 =

10 2325 21 2339 “
72 2306 162 2378 Ιἰιοε
194 2315 314 2378 divinam
347 2318 418 2379 Jesu
445 2321 603 2380 missionem
634 2320 752 2389 firmiter
784 2316 911 2379 eredere.

111 2418 276 2481 Auctoritas
290 2417 348 2477 Dei
364 2429 394 2478 ut
408 2421 541 2480 motivum
558 2417 760 2481 credibilitatis.
803 2420 917 2481 Natura

113 2519 178 2580 fidei
201 2520 420 2601 supernaturalis
442 2531 471 2579 et
493 2519 603 2582 divinae
632 2564 907 2583 ......

1 2731 3 2739 Ι
69 2654 154 2735 Cap.
177 2654 258 2715 vtlt.
302 2651 469 2716 Ostenditur
489 2657 519 2717 in
533 2657 666 2738 expositis
687 2656 831 2717 Hermcsii
852 2673 916 2715 sen-

112 2758 207 2818 tentiis
236 2755 272 2816 de
299 2753 355 2817 hde
382 2755 451 2817 nihii
478 2758 573 2819 inesse
580 2801 591 2832 ,
624 2756 698 2838 quod
725 2767 830 2838 pugnet
852 2776 915 2816 cum
961 2745 966 2752 ’

111 2860 238 2920 doctrina
252 2858 401 2920 catholica.
446 2859 504 2936 Qui
518 2860 720 2940 Peiagianismi
738 2860 914 2920 Hermesium

113 2971 292 3033 accusarunt,
318 2978 363 3020 rcs
377 2944 580 3024 diremissimas
602 2964 728 3024 miscent.
772 2960 917 3022 Testimo-

6 3098 13 3119 ι
110 3067 170 3138 uia,
195 3083 232 3125 er
252 3061 352 3146 quihus
373 3077 490 3145 apparet
510 3065 766 3146 praestantissimos
787 3063 915 3122 Theolo-

111 3190 175 3250 gos,
198 3167 323 3246 inprimis
334 3165 504 3249 Episcopum
518 3167 791 3255 Argentoratensem
806 3167 834 3225 in
845 3163 915 3244 Epi·
956 3202 966 3221 ι

112 3273 187 3330 stola
206 3268 350 3329 Pastorali
363 3288 382 3328 a
393 3271 533 3349 Gregorio
546 3269 632 3332 xvt.
649 3268 815 3349 approbata,
831 3268 915 3347 plane
961 3262 969 3275 “

106 3372 185 3433 idem
207 3381 291 3450 atque
313 3370 491 3432 Hermcsium
523 3371 628 3433 sentire
655 3369 691 3431 de
721 3369 916 3431 coniunctione
984 3436 986 3441 Ι

113 3474 179 3535 iidci
199 3472 309 3533 divinae
331 3475 525 3549 enarratione
547 3473 677 3533 hnmana.
720 3470 777 3551 Ipsi
798 3488 913 3530 accusa-

113 3589 188 3639 tores
208 3571 414 3636 adhaerescunt
434 3575 608 3655 opinionibus
634 3573 806 3654 pravissimis
835 3619 859 3661 Ι.
903 3616 909 3631 .

69 3680 226 3794 (ὶαιι.’ΪΧ.
271 3708 330 3769 cm
352 3722 448 3770 nostra
468 3723 662 3787 accusatorum
686 3708 835 3803 castigatio
857 3727 913 3767 non

1 3824 2 3827 ’
111 3812 213 3873 deheat
234 3810 302 3871 dura
323 3810 423 3874 videri.
465 3813 558 3874 Recte
579 3811 744 3874 Hermesius
765 3810 795 3868 in
818 3808 915 3873 ,intro-

111 3915 241 3975 ductione
251 3912 449 3995 Philosophioa
465 3933 553 3995 neque
566 3914 671 3983 diserte
685 3912 808 3973 aihrmat
825 3930 915 3991 neque

112 4029 198 4097 negat
218 4017 327 4097 gratiae
349 4020 554 4079 necessitatem.
599 4014 675 4091 Quid
690 4013 725 4075 dc
741 4013 794 4073 hac
815 4030 914 4077 ncces-

113 4122 198 4182 sitate
219 4119 282 4197 sola
297 4119 378 4205 ¹rah‘p
400 4119 512 4189 indicet.
555 4119 587 4183 lu
608 4117 745 4180 Tractatu
766 4113 802 4177 de
817 4115 916 4178 Gratia
