2514 4792
501 278 675 409 m

41 474 110 561 ¹gia
133 466 374 557 sufficerentl).
417 472 471 539 An
498 476 675 559 propterea
702 474 801 539 mittit
825 470 984 541 miracula¹
1011 480 1069 541 aut
1095 476 1128 540 in
1224 490 1229 499 ·

35 594 185 659 incerto
210 587 367 677 relinquit
391 586 612 657 Hermesinsi
652 589 754 657 lormo
782 590 955 658 enucleate
982 590 1130 659 ostendit

49 730 136 778 esse
157 708 454 775 certissimum
474 710 566 777 veri
585 707 771 776 miraculi
793 710 1031 794 criterium,
1062 730 1129 777 non

46 848 95 895 ex
111 826 223 894 solius
242 824 460 910 theoreticae,
482 826 546 893 sed
567 846 611 893 ex
631 826 799 893 moralis
820 828 894 894 sive
914 828 1129 914 practicae

10 928 237 1011 ··²rationis
255 949 374 1011 nahrra
393 943 583 1032 petendum.

101 1064 105 1069 ’
140 1062 230 1127 Nam
249 1067 385 1148 pmeter
410 1061 631 1131 theoreticam
658 1063 904 1148 certitudinem,
936 1084 1023 1151 qnae
1043 1063 1129 1153 phy-

51 1183 127 1267 sice
155 1183 354 1248 necessaria
381 1187 452 1267 est,
484 1182 682 1248 Hermesius
709 1181 808 1247 etiam
828 1182 1023 1249 moralem
1044 1204 1130 1250 eer-

51 1298 279 1366 titudinem
298 1232 470 1483 cupiscit,
491 1299 652 1387 ¹idemque
671 1297 750 1365 hnic
771 1298 866 1366 alteri
885 1296 958 1368 non¹
973 1303 1132 1369 minorem

56 1436 162 1504 qoam
186 1414 234 1483 illi
257 1418 325 1485 dm
409 1416 602 1505 dignitatem
632 1417 840 1485 tribuendam
867 1441 947 1487 esse
972 1422 1132 1487 acerrime

18 1558 22 1567 ·
58 1532 231 1601 contendit
248 1538 286 1603 et
305 1536 499 1602 acutissime
520 1536 733 1603 demonstrat
776 1536 914 1605 Moralis
936 1543 1047 1606 autem
1060 1560 1132 1607 cer·

54 1652 175 1738 titudo,
197 1654 230 1719 si
243 1652 380 1740 quidem
400 1659 494 1720 recte
514 1653 677 1721 afficiatur
689 1655 756 1722 hoc
769 1658 910 1740 nomine,
931 1677 998 1724 non
1018 1662 1134 1745 potest

53 1768 120 1837 alia
141 1790 223 1839 ease
242 1770 478 1859 praeterquam
497 1770 563 1856 illa,
586 1794 673 1860 quae
699 1775 850 1840 nescitur
876 1795 919 1840 ex
946 1778 1132 1842 assensi·

53 1909 132 1955 one
150 1886 370 1971 moraliter
396 1895 664 1974 necessaria,
693 1910 770 1957 eum
797 1911 904 1977 eaque
926 1911 1077 1958 connexa
1099 1898 1134 1959 et

56 2005 219 2093 copulata
242 2012 306 2075 est
354 2007 464 2075 Huius
493 2010 701 2075 assensionis
726 2005 894 2073 moraliter
921 2000 1134 2075 necessariae

61 2144 153 2211 quae
178 2126 233 2191 vis
259 2128 293 2193 et
315 2131 434 2192 nahrra
455 2129 517 2212 sit,
548 2147 635 2213 quae
664 2124 813 2192 eiusdem
844 2124 1031 2192 coniunctio
1058 2146 1135 2193 eum

62 2244 196 2309 ratione
221 2240 412 2332 theo-retica⁴
428 2250 464 2312 et
483 2246 635 2332 practica
668 2246 815 2330 itemque
844 2263 920 2308 cum
949 2241 1134 2331 voluntate,
1184 2304 1187 2309 .

58 2382 164 2449 quam
183 2359 250 2429 late
268 2367 400 2449 pateat,
432 2362 491 2428 uhi
512 2384 576 2429 usu
602 2362 725 2445 veniat,
751 2360 948 2427 Hennesins
968 2366 1037 2428 tam
1064 2361 1135 2431 dili-

54 2487 179 2569 genter
213 2483 367 2547 excussit
400 2486 537 2568 tamque
568 2486 726 2547 accurate
763 2478 974 2566 definivitll‘),
1009 2488 1047 2550 nt
1082 2483 1136 2551 vel

54 2598 128 2665 hoe
147 2618 213 2665 nno
234 2601 366 2677 nomine
386 2598 465 2665 mihi
479 2600 631 2666 videatur
645 2620 745 2686 quarn
759 2600 882 2686 optimc
896 2600 1033 2667 meritus
1048 2623 1136 2670 esse.

54 2718 221 2785 Venimus
236 2717 280 2783 ad
294 2722 522 2804 argumentum
543 2720 628 2784 satis
650 2716 784 2784 difficile
805 2717 960 2804 idemque
980 2724 1050 2786 tam
1070 2742 1138 2786 am·
1233 2798 1236 2803 ¹

54 2833 170 2923 plum,
202 2840 242 2902 nt
261 2837 382 2925 paucis
403 2833 519 2902 verbis
547 2835 712 2901 exhauriri
732 2857 800 2903 non
819 2838 947 2923 possit:
978 2837 1139 2904 faciemus

12 3030 15 3037 ,
58 2959 185 3038 umen,
206 2957 246 3019 ut
265 2959 404 3037 tantum,
427 2959 587 3040 quantum
608 2954 693 3019 satis
706 2953 884 3036 videbitur,
906 2954 954 3019 rei
974 2954 1138 3022 illustran-

56 3069 128 3137 dae
163 3090 269 3138 causa
304 3093 521 3161 exponamus.
585 3070 808 3140 Moraliter
849 3073 1140 3138 necessarium

101 3375 127 3444 ')
154 3375 225 3429 Vide
246 3376 380 3429 Hermesii
404 3379 553 3431 Introduct.
572 3375 675 3428 Philas.
694 3377 719 3446 ξ.
738 3376 777 3428 89
796 3376 845 3429 suh
863 3393 936 3429 name
955 3372 985 3426 h.
1021 3374 1143 3427 Eandem

150 3464 320 3525 sententiam,
339 3469 371 3514 ut
388 3464 453 3515 mihi
471 3465 580 3533 quidem
596 3462 719 3523 videtur,
745 3462 825 3514 etiam
843 3462 1014 3514 accusatores
1031 3459 1141 3513 Herme-

150 3547 187 3599 sii
204 3549 274 3599 tueri
291 3548 399 3609 dehent,
418 3551 442 3600 si
459 3549 513 3599 sihi
530 3553 653 3599 constare
670 3548 774 3598 voluat.
811 3549 913 3599 Dicunt
924 3547 1006 3606 enim,
1024 3551 1053 3597 et
1068 3550 1142 3599 reete

151 3634 255 3694 dieunt,
273 3652 331 3685 eam
349 3635 439 3700 fidem,
458 3653 513 3703 qua
530 3635 608 3685 nohis
627 3638 729 3684 certum
747 3633 783 3683 sit
795 3634 828 3683 dc
843 3632 1043 3702 supernaturali
1060 3637 1143 3701 atque

152 3718 245 3769 divium
261 3719 400 3770 doctrinae
418 3717 579 3769 christianae
599 3718 718 3785 origine,
744 3735 796 3768 non
814 3735 872 3768 esse
894 3716 1005 3785 physice
1022 3733 1143 3768 necessa.

149 3802 237 3862 riam,
266 3805 313 3856 sed
335 3804 479 3855 liberam
504 3808 531 3853 ct
554 3803 768 3854 meritoriam
790 3808 818 3852 ct
842 3803 944 3872 suscipi
966 3820 984 3854 a
1007 3803 1144 3852 voluntate

152 3888 296 3940 adiuvante
313 3890 443 3959 peculiari
462 3889 577 3957 quadem
594 3888 682 3956 gratia
699 3887 796 3939 diviua.
832 3887 867 3938 at
877 3887 944 3939 tides
963 3893 990 3939 et
1000 3888 1142 3950 certitudo,

154 3991 223 4045 quoe
241 3975 284 4025 vel
303 3981 395 4042 aperto
415 3990 540 4023 sensuum
558 3973 711 4024 testimonio
723 3973 766 4022 vcl
779 3971 940 4024 theoreticae
958 3972 1069 4026 rationis
1085 3988 1153 4043 pers

154 4058 294 4128 spicieutia
312 4059 419 4117 nititur,
438 4055 584 4127 physice
602 4057 803 4115 necessaria
822 4064 871 4122 etl·
1014 4048 1018 4059 ⁸

96 4162 132 4229 ⁸¹⁶)
152 4160 282 4213 llermcsii
300 4161 402 4213 Introd.
423 4158 524 4210 l'hilos.
544 4158 568 4225 ξ.
588 4156 713 4212 {tv-45,
