2514 4792
632 257 711 324 lna

138 443 260 513 cadere
286 427 352 511 suh
379 460 517 510 sensum
541 440 729 527 (externum
749 444 786 507 et
812 439 1003 525 internum),
1032 436 1120 509 licet
1143 441 1205 527 ipsa

139 560 330 631 earumdem
350 559 540 629 substantia
560 582 665 629 sensu
685 559 814 649 percipi
840 577 908 626 non
927 559 1053 647 possit.
1099 557 1206 627 Poste

139 683 236 749 rioris
258 681 390 768 generis
412 699 494 748 esse
514 699 631 746 omnes
645 680 712 747 Dei
732 681 957 768 proprietates
971 683 1009 745 et
1022 675 1207 763 alia-multa,

113 797 183 879 ,de
206 798 328 886 quibus
349 804 419 865 tum
446 799 530 864 ratio
557 802 629 864 tum
654 796 814 865 revelatio
842 796 955 865 divina
974 816 1044 863 nos
1065 794 1208 865 edoceat

140 916 266 985 Contra
287 914 594 1004 pronconthems
615 917 789 1002 ceterique
809 914 857 983 illi
877 913 1056 1002 Theologi,
1080 934 1211 1001 quorun
1256 922 1257 943 ²

141 1038 364 1124 coguitionem
383 1033 590 1121 analogicum
611 1040 647 1102 ct
667 1048 757 1107 urere
784 1032 991 1121 analogicum
1017 1033 1210 1101 Hermesias

61 1134 63 1139 ⁵
141 1160 288 1239 statuat,
317 1175 359 1221 ca
378 1155 454 1239 ipsa
480 1155 581 1221 etiam
597 1155 745 1241 proprie
761 1153 894 1239 concipi
913 1171 1023 1240 posse
1043 1150 1208 1218 affirmant

141 1268 181 1338 lu
207 1271 272 1339 hac
298 1272 399 1359 igitur
430 1272 646 1358 quaestione,
679 1267 869 1339 difficillima
901 1291 986 1337 sane
1014 1273 1053 1337 ct
1081 1273 1204 1337 manue

142 1392 287 1456 omnium
313 1388 463 1475 sublimi,
489 1392 575 1457 inter
595 1394 759 1476 utrosque
785 1387 943 1463 nonnulla
963 1387 1156 1461 differentia
1169 1389 1209 1455 in-

141 1507 295 1574 tercedit
338 1505 466 1591 Placet,
486 1513 526 1574 nt
545 1506 666 1575 saltem
685 1505 796 1593 aliquo
816 1506 918 1574 modo
939 1509 1150 1575 senteutiam
1165 1528 1212 1575 no

144 1630 249 1693 stram
269 1627 458 1712 aperiamus
478 1662 523 1678 -
541 1642 619 1690 nam
644 1629 779 1712 penitus
805 1623 965 1711 expedire
985 1623 1083 1701 hunc
1106 1625 1214 1709 locun,

144 1745 343 1829 pracsertim
369 1741 481 1811 latinis
501 1741 639 1828 verbis,
653 1741 856 1817 laboriosum
875 1748 931 1812 cst
950 1778 1013 1829 ·-·,
1039 1762 1119 1813 rem
1137 1747 1216 1813 iutri-

146 1868 258 1929 catam
277 1842 443 1930 illustrare
465 1861 627 1950 exemplo.
732 1910 758 1941 ,;,

232 1976 413 2048 Contendit
431 1981 533 2067 igitur
552 1974 751 2049 Hermesids
777 2000 855 2049 cum
879 1978 965 2077 alias
983 1979 1057 2049 Dei
1076 1984 1217 2071 proprie·

146 2099 443 2186 tateatumipsam
463 2097 753 2186 cognoscendi
772 2095 1024 2168 facultate-m
1043 2098 1218 2175 diuinam

148 2220 185 2284 ct
204 2200 425 2304 analogice
445 2215 578 2283 anobis
600 2216 791 2303 concipi-ct
809 2203 977 2295 nonnisi
998 2217 1217 2308 analogice
1239 2278 1242 2285 ,

149 2332 282 2422 concipi
301 2354 419 2421 posse.
460 2333 607 2404 Primum
628 2337 714 2402 enim
743 2336 889 2422 cognitio
910 2333 1024 2403 divim
1043 2338 1215 2409 ita-,crud

88 2484 91 2489 ·
147 2451 272 2537 pienda
298 2457 370 2536 est,
401 2457 440 2519 ut
460 2453 507 2519 sit
532 2454 680 2537 intuitio,
707 2451 772 2519 hoc
795 2458 857 2523 est·
876 2454 1009 2533 omnino
1037 2456 1220 2549 immediata

149 2606 194 2621 -
213 2591 281 2637 nou
308 2572 395 2671 enim
421 2570 519 2640 Deus
545 2570 689 2641 mediate
715 2575 774 2636 aut
793 2592 856 2658 per
886 2568 1145 2643 conclusionem
1175 2595 1221 2642 co

151 2691 287 2773 gnoscit
306 2725 367 2772 -,
398 2694 434 2756 et
453 2696 633 2776 propterea
653 2690 752 2757 ctiam
779 2688 1008 2776 cognoscendi
1027 2690 1223 2761 facultasiu

58 2848 87 2905 f
149 2803 229 2875 Deo
251 2811 307 2873 est
327 2804 472 2874 facultas
491 2808 650 2876 intuendi.
693 2810 800 2895 Atqui
827 2809 859 2875 si
878 2809 927 2874 ita
945 2806 1061 2877 Deum
1085 2812 1223 2899 concipi·

151 2946 247 3009 mua,
269 2924 305 2992 id
327 2923 551 3014 analogice
571 2924 625 3011 fit,
654 2948 774 3015 nempe
796 2926 840 2993 ad
860 2924 1047 3013 analogiam
1068 2927 1224 2997 humanae

62 3126 68 3135 .
152 3044 337 3111 intuitionis
371 3049 407 3111 et
437 3043 601 3111 humanae
632 3044 781 3141 intuendi
811 3042 999 3129 facultatis,
1013 3066 1155 3137 ,neque
1179 3046 1225 3115 illa

151 3161 348 3252 praedicare
365 3161 406 3230 de
420 3162 497 3231 Deo
518 3158 698 3252 possemus
716 3165 790 3230 sine
811 3164 949 3267 pracvia
968 3161 1071 3241 huius
1091 3165 1226 3254 anulop,

153 3282 247 3372 quod
266 3285 301 3350 in
321 3280 421 3349 nobis
441 3281 542 3366 mest,
565 3281 762 3368 cognitione.
806 3282 910 3350 Porro
924 3286 1038 3348 autem
1051 3280 1147 3353 haec
1158 3306 1227 3353 aua

153 3399 243 3489 logia
271 3401 345 3468 sive
372 3397 553 3468 similitudo
574 3401 705 3471 mimine
720 3403 871 3498 ¹omniurn
891 3399 1050 3483 identitas
1073 3409 1154 3490 est,
1175 3401 1230 3473 sed

154 3520 346 3586 adiunctam
376 3517 481 3585 habet
510 3521 723 3586 maximam
756 3520 1055 3588 diversitatem
1086 3529 1126 3590 et
1152 3544 1230 3612 gra·

156 3634 853 3724 dusetqualitatissiveessentiae.
896 3635 1233 3731 Etenimnospauca

155 3758 286 3821 tautum
314 3755 492 3821 intuemur:
529 3752 627 3824 Deus
659 3759 804 3855 omnipm
827 3746 948 3853 rernm
976 3750 1235 3829 universitatem

155 3872 315 3943 intuendo
347 3860 587 3960 complectitur.
630 3872 699 3943 Est
729 3877 831 3963 igitur
852 3874 988 3961 ¹intuitio
1004 3881 1057 3943 et
1088 3878 1236 3947 morendi

158 3991 302 4058 facultas
331 3989 461 4076 diviua,
497 3992 528 4060 si
560 4014 636 4059 cum
666 3992 808 4075 humana
838 3998 1076 4082 comparatur,
1105 3996 1237 4085 quoad

96 4190 99 4195 Α
162 4109 333 4207 gradum
368 4107 556 4197 diversa,
592 4116 629 4179 et
658 4109 793 4200 quidem
827 4112 992 4182 infinite
1024 4117 1236 4203 superior,

65 4470 159 4516 fi.
213 4509 224 4527 ι
