<?xml version="1.0" encoding="UTF-8"?>
<!DOCTYPE html PUBLIC "-//W3C//DTD XHTML 1.0 Transitional//EN"
    "http://www.w3.org/TR/xhtml1/DTD/xhtml1-transitional.dtd">
<html xmlns="http://www.w3.org/1999/xhtml" xml:lang="en" lang="en">
 <head>
  <title>
</title>
<meta http-equiv="Content-Type" content="text/html;charset=utf-8" />
  <meta name='ocr-system' content='tesseract 3.04.00' />
  <meta name='ocr-capabilities' content='ocr_page ocr_carea ocr_par ocr_line ocrx_word'/>
</head>
<body>
  <div class='ocr_page' id='page_1' title='image "actahermesianaq00elvegoog_0239.png"; bbox 0 0 2514 4792; ppageno 0'>
   <div class='ocr_carea' id='block_1_1' title="bbox 55 419 1184 3953">
    <p class='ocr_par' dir='ltr' id='par_1_1' title="bbox 82 419 1181 2054">
     <span class='ocr_line' id='line_1_1' title="bbox 82 419 1179 512; baseline -0.014 -14"><span class='ocrx_word' id='word_1_1' title='bbox 82 442 149 499; x_wconf 81' lang='lat' dir='ltr'><strong>&#39;sua</strong></span> <span class='ocrx_word' id='word_1_2' title='bbox 169 425 344 512; x_wconf 79' lang='lat' dir='ltr'><strong>Religioue</strong></span> <span class='ocrx_word' id='word_1_3' title='bbox 355 420 564 505; x_wconf 81' lang='lat' dir='ltr'><strong>-lirmabitur,</strong></span> <span class='ocrx_word' id='word_1_4' title='bbox 586 427 689 509; x_wconf 84' lang='lat' dir='ltr'><strong>utque</strong></span> <span class='ocrx_word' id='word_1_5' title='bbox 711 421 756 488; x_wconf 89' lang='lat' dir='ltr'><strong>ad</strong></span> <span class='ocrx_word' id='word_1_6' title='bbox 778 440 855 497; x_wconf 85' lang='lat' dir='ltr'><strong>earn</strong></span> <span class='ocrx_word' id='word_1_7' title='bbox 874 423 986 491; x_wconf 76' lang='lat' dir='ltr'><strong>coroa</strong></span> <span class='ocrx_word' id='word_1_8' title='bbox 1001 419 1089 488; x_wconf 71' lang='lat' dir='ltr'><strong>num</strong></span> <span class='ocrx_word' id='word_1_9' title='bbox 1131 424 1179 487; x_wconf 62' lang='lat' dir='ltr'><strong>oni</strong></span> 
     </span>
     <span class='ocr_line' id='line_1_2' title="bbox 85 531 1179 628; baseline -0.012 -16"><span class='ocrx_word' id='word_1_10' title='bbox 85 546 242 621; x_wconf 77' lang='lat' dir='ltr'><strong>tuerulam</strong></span> <span class='ocrx_word' id='word_1_11' title='bbox 261 545 371 628; x_wconf 90' lang='lat' dir='ltr'><strong>aptior</strong></span> <span class='ocrx_word' id='word_1_12' title='bbox 399 538 603 626; x_wconf 82' lang='lat' dir='ltr'>validiorque</span> <span class='ocrx_word' id='word_1_13' title='bbox 632 531 821 610; x_wconf 74' lang='lat' dir='ltr'><strong>efficieturt‘</strong></span> <span class='ocrx_word' id='word_1_14' title='bbox 843 537 937 628; x_wconf 76' lang='lat' dir='ltr'><strong>quod</strong></span> <span class='ocrx_word' id='word_1_15' title='bbox 956 559 1022 609; x_wconf 83' lang='lat' dir='ltr'><strong>saue</strong></span> <span class='ocrx_word' id='word_1_16' title='bbox 1036 541 1088 607; x_wconf 63' lang='grc' dir='ltr'><strong>οι·</strong></span> <span class='ocrx_word' id='word_1_17' title='bbox 1132 539 1179 603; x_wconf 69' lang='lat' dir='ltr'><strong>ici(</strong></span> 
     </span>
     <span class='ocr_line' id='line_1_3' title="bbox 85 655 1180 758; baseline -0.016 -20"><span class='ocrx_word' id='word_1_18' title='bbox 85 668 151 737; x_wconf 83' lang='lat' dir='ltr'><strong>hus</strong></span> <span class='ocrx_word' id='word_1_19' title='bbox 173 661 373 737; x_wconf 77' lang='lat' dir='ltr'><strong>Christianis</strong></span> <span class='ocrx_word' id='word_1_20' title='bbox 394 657 516 725; x_wconf 84' lang='lat' dir='ltr'><strong>suadet</strong></span> <span class='ocrx_word' id='word_1_21' title='bbox 536 679 565 725; x_wconf 89' lang='lat' dir='ltr'><strong>s.</strong></span> <span class='ocrx_word' id='word_1_22' title='bbox 588 659 710 729; x_wconf 87' lang='lat' dir='ltr'><strong>Petrus</strong></span> <span class='ocrx_word' id='word_1_23' title='bbox 731 662 765 728; x_wconf 94' lang='lat' dir='ltr'><strong>in</strong></span> <span class='ocrx_word' id='word_1_24' title='bbox 785 657 898 748; x_wconf 75' lang='lat' dir='ltr'><strong>Epist</strong></span> <span class='ocrx_word' id='word_1_25' title='bbox 919 655 947 742; x_wconf 90' lang='lat'><strong>1,</strong></span> <span class='ocrx_word' id='word_1_26' title='bbox 960 661 986 725; x_wconf 74' lang='lat' dir='ltr'><strong>d</strong></span> <span class='ocrx_word' id='word_1_27' title='bbox 1000 659 1089 758; x_wconf 77' lang='lat' dir='ltr'><strong>itaroi</strong></span> <span class='ocrx_word' id='word_1_28' title='bbox 1134 677 1180 721; x_wconf 75' lang='lat' dir='ltr'><strong>reru</strong></span> 
     </span>
     <span class='ocr_line' id='line_1_4' title="bbox 84 775 1180 864; baseline -0.014 -11"><span class='ocrx_word' id='word_1_29' title='bbox 84 785 189 854; x_wconf 83' lang='lat' dir='ltr'><strong>bens:</strong></span> <span class='ocrx_word' id='word_1_30' title='bbox 224 780 371 849; x_wconf 84' lang='lat' dir='ltr'><strong>Parati</strong></span> <span class='ocrx_word' id='word_1_31' title='bbox 403 798 566 864; x_wconf 84' lang='lat' dir='ltr'><strong>semper</strong></span> <span class='ocrx_word' id='word_1_32' title='bbox 596 777 647 849; x_wconf 88' lang='lat' dir='ltr'><strong>ad</strong></span> <span class='ocrx_word' id='word_1_33' title='bbox 679 779 1015 847; x_wconf 65' lang='lat' dir='ltr'><strong>satisfactionem</strong></span> <span class='ocrx_word' id='word_1_34' title='bbox 1035 775 1092 845; x_wconf 80' lang='lat' dir='ltr'><strong>ouri</strong></span> <span class='ocrx_word' id='word_1_35' title='bbox 1136 793 1180 838; x_wconf 82' lang='lat' dir='ltr'><strong>nen</strong></span> 
     </span>
     <span class='ocr_line' id='line_1_5' title="bbox 84 877 1180 992; baseline -0.012 -22"><span class='ocrx_word' id='word_1_36' title='bbox 84 877 278 992; x_wconf 84' lang='lat' dir='ltr'><strong>poscenti</strong></span> <span class='ocrx_word' id='word_1_37' title='bbox 314 916 390 965; x_wconf 86' lang='lat' dir='ltr'><strong>vos</strong></span> <span class='ocrx_word' id='word_1_38' title='bbox 422 897 625 967; x_wconf 89' lang='lat' dir='ltr'><strong>rationem</strong></span> <span class='ocrx_word' id='word_1_39' title='bbox 656 898 703 964; x_wconf 89' lang='lat' dir='ltr'><strong>de</strong></span> <span class='ocrx_word' id='word_1_40' title='bbox 726 919 791 981; x_wconf 88' lang='lat' dir='ltr'><strong>ea,</strong></span> <span class='ocrx_word' id='word_1_41' title='bbox 826 917 938 985; x_wconf 83' lang='lat' dir='ltr'><strong>quae</strong></span> <span class='ocrx_word' id='word_1_42' title='bbox 966 898 1003 964; x_wconf 88' lang='lat' dir='ltr'><strong>in</strong></span> <span class='ocrx_word' id='word_1_43' title='bbox 1025 893 1094 962; x_wconf 81' lang='lat' dir='ltr'><strong>rolir</strong></span> <span class='ocrx_word' id='word_1_44' title='bbox 1139 900 1180 958; x_wconf 78' lang='lat' dir='ltr'><strong>oc</strong></span> 
     </span>
     <span class='ocr_line' id='line_1_6' title="bbox 86 994 1180 1106; baseline -0.016 -18"><span class='ocrx_word' id='word_1_45' title='bbox 86 1026 170 1103; x_wconf 88' lang='lat' dir='ltr'><strong>est,</strong></span> <span class='ocrx_word' id='word_1_46' title='bbox 200 1038 282 1106; x_wconf 89' lang='lat' dir='ltr'><strong>spe.</strong></span> <span class='ocrx_word' id='word_1_47' title='bbox 326 1014 460 1103; x_wconf 84' lang='lat' dir='ltr'><strong>Reliqui</strong></span> <span class='ocrx_word' id='word_1_48' title='bbox 486 1036 567 1084; x_wconf 88' lang='lat' dir='ltr'><strong>vero</strong></span> <span class='ocrx_word' id='word_1_49' title='bbox 588 1015 763 1103; x_wconf 83' lang='lat' dir='ltr'><strong>hucusque</strong></span> <span class='ocrx_word' id='word_1_50' title='bbox 785 1037 807 1082; x_wconf 89' lang='lat' dir='ltr'><strong>a</strong></span> <span class='ocrx_word' id='word_1_51' title='bbox 828 994 964 1083; x_wconf 82' lang='lat' dir='ltr'><strong>Christo</strong></span> <span class='ocrx_word' id='word_1_52' title='bbox 985 1012 1099 1081; x_wconf 71' lang='lat' dir='ltr'><strong>doun</strong></span> <span class='ocrx_word' id='word_1_53' title='bbox 1145 1008 1180 1074; x_wconf 80' lang='lat' dir='ltr'><strong>lm</strong></span> 
     </span>
     <span class='ocr_line' id='line_1_7' title="bbox 85 1131 1181 1221; baseline -0.007 -16"><span class='ocrx_word' id='word_1_54' title='bbox 85 1141 230 1207; x_wconf 83' lang='lat' dir='ltr'><strong>mentem</strong></span> <span class='ocrx_word' id='word_1_55' title='bbox 250 1138 376 1205; x_wconf 86' lang='lat' dir='ltr'><strong>victam</strong></span> <span class='ocrx_word' id='word_1_56' title='bbox 397 1134 441 1201; x_wconf 90' lang='lat' dir='ltr'><strong>ad</strong></span> <span class='ocrx_word' id='word_1_57' title='bbox 462 1131 638 1221; x_wconf 79' lang='lat' dir='ltr'><strong>Evangelii</strong></span> <span class='ocrx_word' id='word_1_58' title='bbox 659 1133 754 1221; x_wconf 80' lang='lat' dir='ltr'><strong>leges</strong></span> <span class='ocrx_word' id='word_1_59' title='bbox 784 1139 999 1218; x_wconf 85' lang='lat' dir='ltr'><strong>convertent,</strong></span> <span class='ocrx_word' id='word_1_60' title='bbox 1022 1137 1102 1199; x_wconf 73' lang='lat' dir='ltr'><strong>autu</strong></span> <span class='ocrx_word' id='word_1_61' title='bbox 1150 1143 1181 1191; x_wconf 67' lang='lat' dir='ltr'><strong>o!</strong></span> 
     </span>
     <span class='ocr_line' id='line_1_8' title="bbox 86 1244 1181 1340; baseline -0.005 -16"><span class='ocrx_word' id='word_1_62' title='bbox 86 1253 361 1324; x_wconf 83' lang='lat' dir='ltr'><strong>citeosteudemt</strong></span> <span class='ocrx_word' id='word_1_63' title='bbox 388 1274 427 1320; x_wconf 91' lang='lat' dir='ltr'><strong>se</strong></span> <span class='ocrx_word' id='word_1_64' title='bbox 448 1251 492 1319; x_wconf 80' lang='lat' dir='ltr'><strong>alr</strong></span> <span class='ocrx_word' id='word_1_65' title='bbox 514 1273 580 1319; x_wconf 90' lang='lat' dir='ltr'><strong>una</strong></span> <span class='ocrx_word' id='word_1_66' title='bbox 607 1255 797 1340; x_wconf 88' lang='lat' dir='ltr'><strong>pervicacia</strong></span> <span class='ocrx_word' id='word_1_67' title='bbox 826 1273 899 1334; x_wconf 17' lang='lat' dir='ltr'><strong>seu,</strong></span> <span class='ocrx_word' id='word_1_68' title='bbox 918 1258 1043 1321; x_wconf 85' lang='lat' dir='ltr'><strong>terrena</strong></span> <span class='ocrx_word' id='word_1_69' title='bbox 1058 1249 1107 1337; x_wconf 71' lang='lat' dir='ltr'><strong>cui</strong></span> <span class='ocrx_word' id='word_1_70' title='bbox 1169 1244 1181 1275; x_wconf 84' lang='lat'><strong>&#39;&#39;</strong></span> 
     </span>
     <span class='ocr_line' id='line_1_9' title="bbox 86 1369 1110 1460; baseline -0.007 -17"><span class='ocrx_word' id='word_1_71' title='bbox 86 1376 190 1443; x_wconf 90' lang='lat' dir='ltr'><strong>ditate</strong></span> <span class='ocrx_word' id='word_1_72' title='bbox 213 1371 331 1440; x_wconf 86' lang='lat' dir='ltr'><strong>aliisve</strong></span> <span class='ocrx_word' id='word_1_73' title='bbox 351 1392 468 1460; x_wconf 88' lang='lat' dir='ltr'><strong>parum</strong></span> <span class='ocrx_word' id='word_1_74' title='bbox 489 1369 641 1439; x_wconf 74' lang='lat' dir='ltr'><strong>honestis</strong></span> <span class='ocrx_word' id='word_1_75' title='bbox 656 1373 772 1439; x_wconf 87' lang='lat' dir='ltr'><strong>causis</strong></span> <span class='ocrx_word' id='word_1_76' title='bbox 794 1373 949 1460; x_wconf 83' lang='lat' dir='ltr'><strong>detineri,</strong></span> <span class='ocrx_word' id='word_1_77' title='bbox 970 1375 1110 1440; x_wconf 81' lang='lat' dir='ltr'><strong>nesnuota</strong></span> 
     </span>
     <span class='ocr_line' id='line_1_10' title="bbox 86 1487 1114 1576; baseline -0.006 -16"><span class='ocrx_word' id='word_1_78' title='bbox 86 1492 347 1560; x_wconf 78' lang='lat' dir='ltr'><strong>Christianorum</strong></span> <span class='ocrx_word' id='word_1_79' title='bbox 369 1488 535 1576; x_wconf 81' lang='lat' dir='ltr'><strong>Religioni</strong></span> <span class='ocrx_word' id='word_1_80' title='bbox 562 1512 661 1558; x_wconf 89' lang='lat' dir='ltr'><strong>suum</strong></span> <span class='ocrx_word' id='word_1_81' title='bbox 690 1490 770 1559; x_wconf 88' lang='lat' dir='ltr'><strong>dent</strong></span> <span class='ocrx_word' id='word_1_82' title='bbox 790 1511 913 1559; x_wconf 87' lang='lat' dir='ltr'><strong>nomen</strong></span> <span class='ocrx_word' id='word_1_83' title='bbox 937 1494 973 1558; x_wconf 87' lang='lat' dir='ltr'><strong>et</strong></span> <span class='ocrx_word' id='word_1_84' title='bbox 993 1487 1114 1556; x_wconf 66' lang='lat' dir='ltr'><strong>aninml</strong></span> 
     </span>
     <span class='ocr_line' id='line_1_11' title="bbox 86 1607 1117 1698; baseline -0.006 -18"><span class='ocrx_word' id='word_1_85' title='bbox 86 1612 183 1681; x_wconf 87' lang='lat' dir='ltr'><strong>Haec</strong></span> <span class='ocrx_word' id='word_1_86' title='bbox 205 1616 241 1676; x_wconf 90' lang='lat' dir='ltr'><strong>et</strong></span> <span class='ocrx_word' id='word_1_87' title='bbox 262 1607 397 1692; x_wconf 85' lang='lat' dir='ltr'><strong>similia,</strong></span> <span class='ocrx_word' id='word_1_88' title='bbox 425 1629 513 1694; x_wconf 88' lang='lat' dir='ltr'><strong>quae</strong></span> <span class='ocrx_word' id='word_1_89' title='bbox 534 1615 635 1676; x_wconf 91' lang='lat' dir='ltr'><strong>acute</strong></span> <span class='ocrx_word' id='word_1_90' title='bbox 657 1608 803 1698; x_wconf 86' lang='lat' dir='ltr'><strong>explicat</strong></span> <span class='ocrx_word' id='word_1_91' title='bbox 823 1608 1046 1693; x_wconf 76' lang='lat' dir='ltr'><strong>Muraton‘us,</strong></span> <span class='ocrx_word' id='word_1_92' title='bbox 1065 1611 1117 1696; x_wconf 72' lang='lat' dir='ltr'><strong>pud</strong></span> 
     </span>
     <span class='ocr_line' id='line_1_12' title="bbox 88 1725 1118 1828; baseline 0.002 -34"><span class='ocrx_word' id='word_1_93' title='bbox 88 1750 187 1828; x_wconf 85' lang='lat' dir='ltr'><strong>quam</strong></span> <span class='ocrx_word' id='word_1_94' title='bbox 216 1728 391 1816; x_wconf 86' lang='lat' dir='ltr'><strong>diligenter</strong></span> <span class='ocrx_word' id='word_1_95' title='bbox 418 1733 637 1795; x_wconf 82' lang='lat' dir='ltr'><strong>accusatores</strong></span> <span class='ocrx_word' id='word_1_96' title='bbox 669 1728 837 1796; x_wconf 85' lang='lat' dir='ltr'><strong>Hermesii</strong></span> <span class='ocrx_word' id='word_1_97' title='bbox 868 1747 992 1796; x_wconf 85' lang='lat' dir='ltr'><strong>secum</strong></span> <span class='ocrx_word' id='word_1_98' title='bbox 1021 1725 1118 1795; x_wconf 71' lang='lat' dir='ltr'><strong>ndat</strong></span> 
     </span>
     <span class='ocr_line' id='line_1_13' title="bbox 85 1843 1114 1945; baseline -0.004 -31"><span class='ocrx_word' id='word_1_99' title='bbox 85 1848 225 1945; x_wconf 80' lang='lat' dir='ltr'><strong>lueriut3</strong></span> <span class='ocrx_word' id='word_1_100' title='bbox 245 1853 426 1936; x_wconf 83' lang='lat' dir='ltr'><strong>postquam</strong></span> <span class='ocrx_word' id='word_1_101' title='bbox 447 1853 681 1934; x_wconf 84' lang='lat' dir='ltr'><strong>praeterea-</strong></span> <span class='ocrx_word' id='word_1_102' title='bbox 699 1846 735 1913; x_wconf 89' lang='lat' dir='ltr'><strong>id</strong></span> <span class='ocrx_word' id='word_1_103' title='bbox 756 1844 848 1933; x_wconf 88' lang='lat' dir='ltr'><strong>quod</strong></span> <span class='ocrx_word' id='word_1_104' title='bbox 868 1843 927 1914; x_wconf 83' lang='lat' dir='ltr'><strong>vol</strong></span> <span class='ocrx_word' id='word_1_105' title='bbox 948 1848 1114 1913; x_wconf 71' lang='lat' dir='ltr'><strong>maxinme</strong></span> 
     </span>
     <span class='ocr_line' id='line_1_14' title="bbox 88 1947 1125 2054; baseline -0.004 -22"><span class='ocrx_word' id='word_1_106' title='bbox 88 1947 273 2033; x_wconf 77' lang='lat' dir='ltr'><strong>cessarium</strong></span> <span class='ocrx_word' id='word_1_107' title='bbox 301 1971 357 2033; x_wconf 91' lang='lat' dir='ltr'><strong>est</strong></span> <span class='ocrx_word' id='word_1_108' title='bbox 376 2004 420 2020; x_wconf 90' lang='lat'><strong>·-</strong></span> <span class='ocrx_word' id='word_1_109' title='bbox 442 1965 621 2035; x_wconf 82' lang='lat' dir='ltr'><strong>didicerint</strong></span> <span class='ocrx_word' id='word_1_110' title='bbox 655 1963 995 2050; x_wconf 84' lang='lat' dir='ltr'><strong>demonstrationem,</strong></span> <span class='ocrx_word' id='word_1_111' title='bbox 1021 1957 1125 2054; x_wconf 72' lang='lat' dir='ltr'><strong>quael</strong></span> 
     </span>
    </p>

    <p class='ocr_par' dir='ltr' id='par_1_2' title="bbox 57 2069 1138 2882">
     <span class='ocr_line' id='line_1_15' title="bbox 57 2069 1127 2173; baseline -0.003 -23"><span class='ocrx_word' id='word_1_112' title='bbox 57 2069 61 2073; x_wconf 39' lang='lat'>⁵</span> <span class='ocrx_word' id='word_1_113' title='bbox 86 2086 268 2152; x_wconf 87' lang='lat' dir='ltr'><strong>rationis</strong></span> <span class='ocrx_word' id='word_1_114' title='bbox 290 2105 384 2168; x_wconf 90' lang='lat' dir='ltr'><strong>usu,</strong></span> <span class='ocrx_word' id='word_1_115' title='bbox 406 2087 613 2171; x_wconf 81' lang='lat' dir='ltr'><strong>argumentis</strong></span> <span class='ocrx_word' id='word_1_116' title='bbox 635 2081 755 2150; x_wconf 87' lang='lat' dir='ltr'><strong>confici</strong></span> <span class='ocrx_word' id='word_1_117' title='bbox 774 2104 881 2170; x_wconf 89' lang='lat' dir='ltr'><strong>posse</strong></span> <span class='ocrx_word' id='word_1_118' title='bbox 902 2090 967 2153; x_wconf 86' lang='lat' dir='ltr'><strong>aut</strong></span> <span class='ocrx_word' id='word_1_119' title='bbox 988 2082 1127 2173; x_wconf 82' lang='lat' dir='ltr'><strong>philoro-</strong></span> 
     </span>
     <span class='ocr_line' id='line_1_16' title="bbox 87 2200 1128 2291; baseline -0.007 -21"><span class='ocrx_word' id='word_1_120' title='bbox 87 2202 247 2291; x_wconf 87' lang='lat' dir='ltr'><strong>phicis,</strong></span> <span class='ocrx_word' id='word_1_121' title='bbox 278 2202 314 2270; x_wconf 89' lang='lat' dir='ltr'><strong>id</strong></span> <span class='ocrx_word' id='word_1_122' title='bbox 336 2207 391 2269; x_wconf 87' lang='lat' dir='ltr'><strong>est</strong></span> <span class='ocrx_word' id='word_1_123' title='bbox 410 2204 527 2289; x_wconf 88' lang='lat' dir='ltr'><strong>petitis</strong></span> <span class='ocrx_word' id='word_1_124' title='bbox 550 2222 594 2267; x_wconf 86' lang='lat' dir='ltr'><strong>ex</strong></span> <span class='ocrx_word' id='word_1_125' title='bbox 615 2201 709 2288; x_wconf 88' lang='lat' dir='ltr'><strong>ipsa</strong></span> <span class='ocrx_word' id='word_1_126' title='bbox 730 2208 766 2269; x_wconf 89' lang='lat' dir='ltr'><strong>et</strong></span> <span class='ocrx_word' id='word_1_127' title='bbox 786 2200 878 2268; x_wconf 86' lang='lat' dir='ltr'><strong>sola</strong></span> <span class='ocrx_word' id='word_1_128' title='bbox 898 2205 1069 2284; x_wconf 85' lang='lat' dir='ltr'><strong>ratione,</strong></span> <span class='ocrx_word' id='word_1_129' title='bbox 1090 2201 1128 2263; x_wconf 85' lang='lat' dir='ltr'><strong>aui</strong></span> 
     </span>
     <span class='ocr_line' id='line_1_17' title="bbox 87 2318 1125 2411; baseline -0.006 -22"><span class='ocrx_word' id='word_1_130' title='bbox 87 2323 312 2411; x_wconf 88' lang='lat' dir='ltr'><strong>positivis,</strong></span> <span class='ocrx_word' id='word_1_131' title='bbox 333 2320 369 2387; x_wconf 93' lang='lat' dir='ltr'><strong>id</strong></span> <span class='ocrx_word' id='word_1_132' title='bbox 391 2327 446 2388; x_wconf 82' lang='lat' dir='ltr'><strong>est</strong></span> <span class='ocrx_word' id='word_1_133' title='bbox 466 2321 748 2388; x_wconf 82' lang='lat' dir='ltr'><strong>extrinsecus</strong></span> <span class='ocrx_word' id='word_1_134' title='bbox 769 2318 988 2408; x_wconf 70' lang='lat' dir='ltr'><strong>oblatis*):</strong></span> <span class='ocrx_word' id='word_1_135' title='bbox 1019 2336 1125 2390; x_wconf 82' lang='lat' dir='ltr'><strong>mnan</strong></span> 
     </span>
     <span class='ocr_line' id='line_1_18' title="bbox 89 2434 1128 2528; baseline -0.006 -21"><span class='ocrx_word' id='word_1_136' title='bbox 89 2440 190 2528; x_wconf 86' lang='lat' dir='ltr'><strong>plius,</strong></span> <span class='ocrx_word' id='word_1_137' title='bbox 213 2461 331 2527; x_wconf 88' lang='lat' dir='ltr'><strong>spero,</strong></span> <span class='ocrx_word' id='word_1_138' title='bbox 354 2438 524 2508; x_wconf 87' lang='lat' dir='ltr'><strong>offendent</strong></span> <span class='ocrx_word' id='word_1_139' title='bbox 546 2459 607 2508; x_wconf 88' lang='lat' dir='ltr'><strong>eos</strong></span> <span class='ocrx_word' id='word_1_140' title='bbox 629 2459 708 2505; x_wconf 85' lang='lat' dir='ltr'><strong>eum</strong></span> <span class='ocrx_word' id='word_1_141' title='bbox 726 2437 782 2506; x_wconf 92' lang='lat' dir='ltr'><strong>alii</strong></span> <span class='ocrx_word' id='word_1_142' title='bbox 801 2438 886 2523; x_wconf 89' lang='lat' dir='ltr'><strong>loci,</strong></span> <span class='ocrx_word' id='word_1_143' title='bbox 908 2434 1003 2528; x_wconf 67' lang='lat' dir='ltr'><strong>quos</strong></span> <span class='ocrx_word' id='word_1_144' title='bbox 1024 2436 1128 2508; x_wconf 73' lang='lat' dir='ltr'><strong>cullen</strong></span> 
     </span>
     <span class='ocr_line' id='line_1_19' title="bbox 88 2556 1133 2649; baseline -0.003 -24"><span class='ocrx_word' id='word_1_145' title='bbox 88 2561 186 2625; x_wconf 85' lang='lat' dir='ltr'><strong>mesii</strong></span> <span class='ocrx_word' id='word_1_146' title='bbox 215 2556 309 2624; x_wconf 88' lang='lat' dir='ltr'><strong>libris</strong></span> <span class='ocrx_word' id='word_1_147' title='bbox 342 2563 585 2644; x_wconf 86' lang='lat' dir='ltr'><strong>excerpserunt</strong></span> <span class='ocrx_word' id='word_1_148' title='bbox 613 2562 715 2645; x_wconf 86' lang='lat' dir='ltr'><strong>etque</strong></span> <span class='ocrx_word' id='word_1_149' title='bbox 747 2557 838 2624; x_wconf 89' lang='lat' dir='ltr'><strong>haud</strong></span> <span class='ocrx_word' id='word_1_150' title='bbox 865 2556 971 2627; x_wconf 80' lang='lat' dir='ltr'><strong>dubie</strong></span> <span class='ocrx_word' id='word_1_151' title='bbox 1000 2574 1133 2649; x_wconf 81' lang='lat' dir='ltr'><strong>perperau</strong></span> 
     </span>
     <span class='ocr_line' id='line_1_20' title="bbox 91 2670 1131 2765; baseline 0 -23"><span class='ocrx_word' id='word_1_152' title='bbox 91 2677 301 2761; x_wconf 85' lang='lat' dir='ltr'><strong>interpretati</strong></span> <span class='ocrx_word' id='word_1_153' title='bbox 322 2681 417 2759; x_wconf 87' lang='lat' dir='ltr'><strong>sunt,</strong></span> <span class='ocrx_word' id='word_1_154' title='bbox 444 2681 515 2742; x_wconf 88' lang='lat' dir='ltr'><strong>turn</strong></span> <span class='ocrx_word' id='word_1_155' title='bbox 536 2678 684 2765; x_wconf 84' lang='lat' dir='ltr'><strong>inprimis</strong></span> <span class='ocrx_word' id='word_1_156' title='bbox 705 2673 760 2743; x_wconf 91' lang='lat' dir='ltr'><strong>ille</strong></span> <span class='ocrx_word' id='word_1_157' title='bbox 781 2673 891 2760; x_wconf 87' lang='lat' dir='ltr'><strong>locus,</strong></span> <span class='ocrx_word' id='word_1_158' title='bbox 914 2680 977 2764; x_wconf 87' lang='lat' dir='ltr'><strong>qui</strong></span> <span class='ocrx_word' id='word_1_159' title='bbox 997 2681 1032 2746; x_wconf 90' lang='lat' dir='ltr'><strong>in</strong></span> <span class='ocrx_word' id='word_1_160' title='bbox 1051 2670 1131 2744; x_wconf 82' lang='lat' dir='ltr'><strong>lutrol</strong></span> 
     </span>
     <span class='ocr_line' id='line_1_21' title="bbox 90 2791 1138 2882; baseline -0.002 -21"><span class='ocrx_word' id='word_1_161' title='bbox 90 2791 283 2879; x_wconf 87' lang='lat' dir='ltr'><strong>Philosoph.</strong></span> <span class='ocrx_word' id='word_1_162' title='bbox 316 2813 392 2879; x_wconf 85' lang='lat' dir='ltr'><strong>pag.</strong></span> <span class='ocrx_word' id='word_1_163' title='bbox 416 2791 522 2860; x_wconf 89' lang='lat' dir='ltr'><strong>XVll.</strong></span> <span class='ocrx_word' id='word_1_164' title='bbox 554 2795 702 2873; x_wconf 80' lang='lat' dir='ltr'><strong>exedit</strong></span> <span class='ocrx_word' id='word_1_165' title='bbox 732 2798 767 2862; x_wconf 90' lang='grc'><strong>1.</strong></span> <span class='ocrx_word' id='word_1_166' title='bbox 794 2795 884 2882; x_wconf 89' lang='lat' dir='ltr'><strong>(pag.</strong></span> <span class='ocrx_word' id='word_1_167' title='bbox 912 2794 1010 2864; x_wconf 68' lang='lat' dir='ltr'><strong>xvi</strong></span> <span class='ocrx_word' id='word_1_168' title='bbox 1038 2796 1087 2865; x_wconf 86' lang='lat' dir='ltr'><strong>ed</strong></span> <span class='ocrx_word' id='word_1_169' title='bbox 1109 2791 1138 2874; x_wconf 79' lang='lat' dir='ltr'><strong>il</strong></span> 
     </span>
    </p>

    <p class='ocr_par' dir='ltr' id='par_1_3' title="bbox 55 2910 1184 3953">
     <span class='ocr_line' id='line_1_22' title="bbox 55 2910 1143 3001; baseline 0 -20"><span class='ocrx_word' id='word_1_170' title='bbox 55 2993 58 3001; x_wconf 89' lang='lat'><em>.</em></span> <span class='ocrx_word' id='word_1_171' title='bbox 93 2913 259 3001; x_wconf 83' lang='lat' dir='ltr'><strong>reperitur</strong></span> <span class='ocrx_word' id='word_1_172' title='bbox 280 2919 315 2979; x_wconf 91' lang='lat' dir='ltr'><strong>et</strong></span> <span class='ocrx_word' id='word_1_173' title='bbox 336 2910 471 2998; x_wconf 84' lang='lat' dir='ltr'><strong>multos,</strong></span> <span class='ocrx_word' id='word_1_174' title='bbox 492 2918 531 2979; x_wconf 87' lang='lat' dir='ltr'><strong>ut</strong></span> <span class='ocrx_word' id='word_1_175' title='bbox 550 2914 625 3001; x_wconf 89' lang='lat' dir='ltr'><strong>ipse</strong></span> <span class='ocrx_word' id='word_1_176' title='bbox 641 2915 799 3000; x_wconf 86' lang='lat' dir='ltr'><strong>comperi,</strong></span> <span class='ocrx_word' id='word_1_177' title='bbox 820 2913 906 2980; x_wconf 89' lang='lat' dir='ltr'><strong>male</strong></span> <span class='ocrx_word' id='word_1_178' title='bbox 920 2913 1052 2983; x_wconf 80' lang='lat' dir='ltr'><strong>hebuit</strong></span> <span class='ocrx_word' id='word_1_179' title='bbox 1090 2912 1143 2981; x_wconf 80' lang='lat' dir='ltr'><strong>o&#39;o</strong></span> 
     </span>
     <span class='ocr_line' id='line_1_23' title="bbox 90 3029 1155 3121; baseline -0.004 -22"><span class='ocrx_word' id='word_1_180' title='bbox 90 3038 188 3121; x_wconf 89' lang='lat' dir='ltr'><strong>putat</strong></span> <span class='ocrx_word' id='word_1_181' title='bbox 219 3032 417 3099; x_wconf 85' lang='lat' dir='ltr'><strong>Hermesius</strong></span> <span class='ocrx_word' id='word_1_182' title='bbox 445 3036 562 3098; x_wconf 86' lang='lat' dir='ltr'><strong>contra</strong></span> <span class='ocrx_word' id='word_1_183' title='bbox 590 3053 671 3117; x_wconf 88' lang='lat' dir='ltr'><strong>eos,</strong></span> <span class='ocrx_word' id='word_1_184' title='bbox 703 3035 762 3120; x_wconf 84' lang='lat' dir='ltr'><strong>qui</strong></span> <span class='ocrx_word' id='word_1_185' title='bbox 786 3032 937 3101; x_wconf 86' lang='lat' dir='ltr'><strong>studium</strong></span> <span class='ocrx_word' id='word_1_186' title='bbox 963 3037 1090 3103; x_wconf 84' lang='lat' dir='ltr'><strong>aeriter</strong></span> <span class='ocrx_word' id='word_1_187' title='bbox 1111 3029 1155 3096; x_wconf 81' lang='lat' dir='ltr'><strong>de·</strong></span> 
     </span>
     <span class='ocr_line' id='line_1_24' title="bbox 91 3150 1184 3247; baseline -0.001 -29"><span class='ocrx_word' id='word_1_188' title='bbox 91 3153 297 3218; x_wconf 87' lang='lat' dir='ltr'><strong>monstrandi</strong></span> <span class='ocrx_word' id='word_1_189' title='bbox 330 3156 526 3240; x_wconf 83' lang='lat' dir='ltr'><strong>suspectum</strong></span> <span class='ocrx_word' id='word_1_190' title='bbox 557 3150 686 3218; x_wconf 81' lang='lat' dir='ltr'><strong>iaciunt</strong></span> <span class='ocrx_word' id='word_1_191' title='bbox 717 3152 939 3241; x_wconf 83' lang='lat' dir='ltr'><strong>omnibusque</strong></span> <span class='ocrx_word' id='word_1_192' title='bbox 972 3154 1085 3242; x_wconf 86' lang='lat' dir='ltr'><strong>modis</strong></span> <span class='ocrx_word' id='word_1_193' title='bbox 1111 3151 1150 3218; x_wconf 80' lang='lat' dir='ltr'><strong>de</strong></span> <span class='ocrx_word' id='word_1_194' title='bbox 1182 3164 1184 3247; x_wconf 56' lang='lat' dir='ltr'><strong><em>g</em></strong></span> 
     </span>
     <span class='ocr_line' id='line_1_25' title="bbox 90 3267 1157 3352; baseline 0 -16"><span class='ocrx_word' id='word_1_195' title='bbox 90 3274 247 3352; x_wconf 87' lang='lat' dir='ltr'><strong>treetant,</strong></span> <span class='ocrx_word' id='word_1_196' title='bbox 278 3274 395 3336; x_wconf 87' lang='lat' dir='ltr'><strong>contra</strong></span> <span class='ocrx_word' id='word_1_197' title='bbox 411 3268 555 3337; x_wconf 76' lang='lat' dir='ltr'><strong>&#39;mirifice</strong></span> <span class='ocrx_word' id='word_1_198' title='bbox 579 3267 741 3337; x_wconf 88' lang='lat' dir='ltr'><strong>extollunt</strong></span> <span class='ocrx_word' id='word_1_199' title='bbox 761 3270 859 3338; x_wconf 86' lang='lat' dir='ltr'><strong>iidem</strong></span> <span class='ocrx_word' id='word_1_200' title='bbox 880 3269 1062 3350; x_wconf 79' lang='lat' dir='ltr'><strong>humilem:</strong></span> <span class='ocrx_word' id='word_1_201' title='bbox 1093 3271 1157 3338; x_wconf 85' lang='lat' dir='ltr'><strong>hano</strong></span> 
     </span>
     <span class='ocr_line' id='line_1_26' title="bbox 94 3387 1160 3471; baseline 0.001 -16"><span class='ocrx_word' id='word_1_202' title='bbox 94 3408 174 3456; x_wconf 86' lang='lat' dir='ltr'><strong>esse</strong></span> <span class='ocrx_word' id='word_1_203' title='bbox 196 3387 343 3456; x_wconf 86' lang='lat' dir='ltr'><strong>radicem</strong></span> <span class='ocrx_word' id='word_1_204' title='bbox 365 3389 509 3454; x_wconf 91' lang='lat' dir='ltr'><strong>omnium</strong></span> <span class='ocrx_word' id='word_1_205' title='bbox 530 3389 700 3471; x_wconf 83' lang='lat' dir='ltr'><strong>virtutum,</strong></span> <span class='ocrx_word' id='word_1_206' title='bbox 723 3409 767 3455; x_wconf 85' lang='lat' dir='ltr'><strong>ex</strong></span> <span class='ocrx_word' id='word_1_207' title='bbox 783 3391 929 3458; x_wconf 86' lang='lat' dir='ltr'><strong>scientia</strong></span> <span class='ocrx_word' id='word_1_208' title='bbox 949 3401 1068 3462; x_wconf 89' lang='lat' dir='ltr'><strong>autem</strong></span> <span class='ocrx_word' id='word_1_209' title='bbox 1086 3391 1160 3461; x_wconf 78' lang='lat' dir='ltr'><strong>nasci</strong></span> 
     </span>
     <span class='ocr_line' id='line_1_27' title="bbox 95 3506 1163 3592; baseline 0.006 -20"><span class='ocrx_word' id='word_1_210' title='bbox 95 3510 274 3590; x_wconf 88' lang='lat' dir='ltr'><strong>tumorem,</strong></span> <span class='ocrx_word' id='word_1_211' title='bbox 302 3507 399 3572; x_wconf 88' lang='lat' dir='ltr'><strong>nasci</strong></span> <span class='ocrx_word' id='word_1_212' title='bbox 419 3506 574 3592; x_wconf 84' lang='lat' dir='ltr'><strong>frigidum</strong></span> <span class='ocrx_word' id='word_1_213' title='bbox 594 3506 752 3590; x_wconf 87' lang='lat' dir='ltr'><strong>animum,</strong></span> <span class='ocrx_word' id='word_1_214' title='bbox 773 3511 870 3577; x_wconf 90' lang='lat' dir='ltr'><strong>nasci</strong></span> <span class='ocrx_word' id='word_1_215' title='bbox 890 3508 957 3577; x_wconf 79' lang='lat' dir='ltr'><strong>alia</strong></span> <span class='ocrx_word' id='word_1_216' title='bbox 977 3510 1163 3581; x_wconf 79' lang='lat' dir='ltr'><strong>istiusmodi</strong></span> 
     </span>
     <span class='ocr_line' id='line_1_28' title="bbox 95 3621 1167 3720; baseline 0.007 -29"><span class='ocrx_word' id='word_1_217' title='bbox 95 3624 151 3691; x_wconf 84' lang='lat' dir='ltr'><strong>Ad</strong></span> <span class='ocrx_word' id='word_1_218' title='bbox 172 3623 256 3691; x_wconf 89' lang='lat' dir='ltr'><strong>haec</strong></span> <span class='ocrx_word' id='word_1_219' title='bbox 277 3625 378 3710; x_wconf 85' lang='lat' dir='ltr'><strong>igitur</strong></span> <span class='ocrx_word' id='word_1_220' title='bbox 399 3627 445 3693; x_wconf 84' lang='lat' dir='ltr'><strong>ite</strong></span> <span class='ocrx_word' id='word_1_221' title='bbox 465 3626 680 3694; x_wconf 79' lang='lat' dir='ltr'><strong>Hermesius:</strong></span> <span class='ocrx_word' id='word_1_222' title='bbox 724 3621 914 3712; x_wconf 65' lang='lat' dir='ltr'><strong>„Primum</strong></span> <span class='ocrx_word' id='word_1_223' title='bbox 937 3631 1069 3720; x_wconf 86' lang='lat' dir='ltr'><strong>iuquit,</strong></span> <span class='ocrx_word' id='word_1_224' title='bbox 1090 3635 1167 3700; x_wconf 80' lang='lat' dir='ltr'><strong>recte</strong></span> 
     </span>
     <span class='ocr_line' id='line_1_29' title="bbox 95 3724 1171 3826; baseline 0.006 -19"><span class='ocrx_word' id='word_1_225' title='bbox 95 3762 135 3808; x_wconf 86' lang='lat' dir='ltr'><strong>se</strong></span> <span class='ocrx_word' id='word_1_226' title='bbox 156 3741 271 3826; x_wconf 85' lang='lat' dir='ltr'><strong>habet,</strong></span> <span class='ocrx_word' id='word_1_227' title='bbox 292 3724 456 3813; x_wconf 79' lang='lat' dir='ltr'><strong>humilem</strong></span> <span class='ocrx_word' id='word_1_228' title='bbox 469 3741 568 3810; x_wconf 86' lang='lat' dir='ltr'><strong>iidem</strong></span> <span class='ocrx_word' id='word_1_229' title='bbox 589 3747 827 3817; x_wconf 86' lang='lat' dir='ltr'><strong>esseomuium</strong></span> <span class='ocrx_word' id='word_1_230' title='bbox 841 3745 991 3816; x_wconf 86' lang='lat' dir='ltr'><strong>radicem</strong></span> <span class='ocrx_word' id='word_1_231' title='bbox 1007 3754 1171 3820; x_wconf 85' lang='lat' dir='ltr'><strong>virtutum:</strong></span> 
     </span>
     <span class='ocr_line' id='line_1_30' title="bbox 98 3858 1174 3953; baseline 0.008 -29"><span class='ocrx_word' id='word_1_232' title='bbox 98 3865 134 3929; x_wconf 85' lang='lat' dir='ltr'><strong>et</strong></span> <span class='ocrx_word' id='word_1_233' title='bbox 155 3859 278 3928; x_wconf 85' lang='lat' dir='ltr'><strong>falsum</strong></span> <span class='ocrx_word' id='word_1_234' title='bbox 290 3867 356 3928; x_wconf 84' lang='lat' dir='ltr'><strong>est</strong></span> <span class='ocrx_word' id='word_1_235' title='bbox 374 3861 530 3930; x_wconf 85' lang='lat' dir='ltr'><strong>humilem</strong></span> <span class='ocrx_word' id='word_1_236' title='bbox 550 3861 648 3931; x_wconf 89' lang='lat' dir='ltr'><strong>fidem</strong></span> <span class='ocrx_word' id='word_1_237' title='bbox 665 3870 700 3931; x_wconf 88' lang='lat' dir='ltr'><strong>et</strong></span> <span class='ocrx_word' id='word_1_238' title='bbox 713 3858 1174 3953; x_wconf 73' lang='lat' dir='ltr'><strong>scrupulosamdemonstra·</strong></span> 
     </span>
    </p>
   </div>
   <div class='ocr_carea' id='block_1_2' title="bbox 101 4016 305 4036">
    <p class='ocr_par' dir='ltr' id='par_1_4' title="bbox 101 4016 305 4036">
     <span class='ocr_line' id='line_1_31' title="bbox 101 4016 305 4036; baseline 0 -2"><span class='ocrx_word' id='word_1_239' title='bbox 101 4016 305 4036; x_wconf 51' lang='lat' dir='ltr'><strong>“mm-vu-</strong></span> 
     </span>
    </p>
   </div>
   <div class='ocr_carea' id='block_1_3' title="bbox 133 4114 581 4199">
    <p class='ocr_par' dir='ltr' id='par_1_5' title="bbox 133 4114 581 4199">
     <span class='ocr_line' id='line_1_32' title="bbox 133 4114 581 4199; baseline 0 -31"><span class='ocrx_word' id='word_1_240' title='bbox 133 4114 259 4199; x_wconf 53' lang='lat' dir='ltr'><strong>flCoui.</strong></span> <span class='ocrx_word' id='word_1_241' title='bbox 279 4133 344 4186; x_wconf 76' lang='lat' dir='ltr'><strong>pag.</strong></span> <span class='ocrx_word' id='word_1_242' title='bbox 362 4114 402 4168; x_wconf 75' lang='lat' dir='ltr'><strong>ol</strong></span> <span class='ocrx_word' id='word_1_243' title='bbox 420 4124 476 4168; x_wconf 72' lang='lat' dir='ltr'><strong>not</strong></span> <span class='ocrx_word' id='word_1_244' title='bbox 575 4134 581 4152; x_wconf 89' lang='grc'><em>·</em></span> 
     </span>
    </p>
   </div>
   <div class='ocr_carea' id='block_1_4' title="bbox 0 0 1269 4792">
    <p class='ocr_par' dir='ltr' id='par_1_6' title="bbox 0 0 1269 4792">
     <span class='ocr_line' id='line_1_33' title="bbox 0 0 1269 4792; baseline 0 0"><span class='ocrx_word' id='word_1_245' title='bbox 0 0 1269 4792; x_wconf 95' lang='lat' dir='ltr'><strong> </strong></span> 
     </span>
    </p>
   </div>
  </div>
 </body>
</html>
