2596 4778
72 390 332 485 :muron
351 412 496 467 neeesse
517 402 589 468 est:
610 403 670 469 aut
690 390 1078 489 utluerltlegatnsllel,
1098 417 1182 490 qua-

99 514 166 605 lum
179 532 221 583 se
234 512 467 605 prolitehatar,
488 523 548 587 aut
567 519 737 607 pesstrnus
759 517 895 607 quidam
916 518 1058 591 daemon
1071 540 1092 588 a
1104 518 1182 591 lieo

110 632 243 719 alienus,
263 651 402 702 suorum
424 637 669 705 conmodorum
695 636 871 705 studiosus
892 643 927 706 et
946 645 1126 729 propterea
1146 640 1182 708 id

113 772 210 843 egeas
233 748 460 839 fraudulente,
492 760 531 823 ut
555 753 705 823 homines
733 752 777 822 ah
807 754 987 826 honestate
1016 762 1054 827 et
1072 778 1094 825 a
1113 756 1182 827 Del

115 870 196 943 oultu
224 876 397 941 averteret
428 870 562 961 sibique
593 874 785 943 devinciret.
830 871 941 961 Quidl
971 897 1083 945 nonne
1104 886 1181 947 cura

115 989 170 1061 me
186 978 292 1057 altera
312 992 478 1060 sumtioue
498 995 630 1061 omnino
650 998 778 1082 pugnat
798 999 871 1065 tota
891 995 962 1062 vita
982 994 1070 1064 Jesu
1085 993 1178 1063 Chri·

115 1105 173 1177 ru?
187 1113 319 1199 pugnat
337 1106 595 1179 honestissimus
608 1109 684 1179 finis
698 1110 942 1199 miraculorum,
964 1133 1052 1201 quae
1066 1118 1178 1203 patra·

93 1223 176 1295 -att
201 1232 333 1316 pugnat
352 1231 461 1296 totum
487 1232 653 1318 ingenium
679 1251 724 1299 ex
750 1234 1038 1319 praestantissima
1069 1232 1177 1319 ipsius

114 1342 251 1413 doctina
281 1342 441 1435 spiram?
481 1345 662 1419 Enimvero
694 1353 799 1419 vitam
829 1349 954 1439 agebat
979 1349 1178 1419 desuetam

115 1478 216 1553 μοι
239 1469 278 1533 et
304 1458 454 1551 eastum,
489 1472 559 1535 tam
587 1472 747 1535 mmotam
774 1466 818 1535 ah
846 1468 934 1536 omni
962 1458 1177 1556 turpitudine,

114 1585 172 1650 tam
201 1586 356 1651 sanctam
380 1590 417 1653 et
448 1582 525 1655 lleo
558 1584 724 1671 deditam,
760 1592 801 1656 ut
832 1586 932 1657 etiam
967 1587 1178 1674 sagacissimi

72 1758 76 1793 ,
116 1696 243 1771 dudae
268 1706 308 1771 et
333 1700 506 1771 Pharisaei
530 1700 653 1773 nullam
682 1706 751 1792 ipsi
780 1704 944 1774 maurulum
974 1705 1177 1794 aispergam

72 1828 75 1837 '
117 1826 248 1908 msere
291 1819 438 1891 prmum
456 1818 524 1890 hoc
547 1822 700 1913 exemplo
721 1845 797 1909 suo,
824 1844 892 1913 quo
917 1821 997 1891 nihil
1023 1824 1177 1910 praesta·
1272 1906 1275 1911 Ι

121 1933 203 2007 hilius
224 1940 365 2029 eogitari
384 1945 517 2031 potest,
538 1941 583 2009 ad
595 1942 795 2010 -imitandum
814 1941 965 2010 homines
986 1959 1087 2027 (Ῑιιιιιι
1106 1956 1176 2005 naa-

128 2056 203 2125 x'ma
219 2056 391 2145 hoitnhat3
424 2080 533 2147 eaque
560 2078 617 2127 res
644 2065 714 2126 tam
733 2079 850 2149 parum
870 2061 937 2148 ipsi
957 2061 1072 2145 ignota
1093 2060 1195 2138 erat,

131 2174 164 2239 ut
177 2172 256 2243 etim
279 2176 406 2245 diserte
427 2178 471 2244 ad
491 2178 545 2243 sui
565 2178 780 2246 imitationem
800 2176 1040 2246 adhortaretur.
1075 2172 1176 2243 A'dde

123 2287 187 2359 hue.
193 2294 412 2383 prodigiorum
429 2295 713 2366 innumerabilium
737 2288 856 2382 linem,
883 2297 942 2383 qui
969 2295 1175 2380 conspicuus

113 2406 234 2483 flium
257 2434 305 2485 ex
329 2414 490 2505 operibus
516 2417 620 2521 ipsis,
650 2419 724 2483 tum
744 2432 789 2486 ox
809 2406 964 2485 omnihus
990 2409 1094 2481 relius
1115 2398 1174 2479 ad*-

111 2574 303 2593 *a*

180 2670 266 2723 niues
282 2669 427 2739 reperitur,
452 2670 597 2737 vestigium
614 2669 781 2740 deprehendi
796 2670 903 2740 potenti
935 2668 1066 2738 Naspinm
1083 2664 1117 2718 se'
1128 2662 1173 2716 Je-

179 2771 229 2809 m
251 2755 296 2809 rel
318 2757 361 2807 sui
385 2757 472 2825 ipsius
496 2756 540 2813 rel
560 2771 651 2806 rerum
673 2762 841 2807 externarum
864 2772 919 2809 neu
942 2755 1010 2806 sutis
1027 2752 1174 2809 conscium,
1196 2754 1199 2761 '

180 2841 307 2911 nuspiam
325 2840 532 2909 imprudentem,
552 2840 748 2908 circumspecto
766 2847 902 2892 carentem
919 2840 1033 2905 iudieio,
1049 2838 1176 2907 nuspiam

177 2926 362 2995 importunum
379 2929 407 2975 et
424 2929 592 2993 arrogantem
608 2923 735 2993 praehetr
753 2926 933 2978 immutatum
945 2923 996 2975 hoe
1013 2924 1093 2994 plane
1110 2936 1174 2974 con·

178 3020 224 3063 en
249 3027 278 3061 ss
300 3008 400 3061 hahere
422 3009 540 3061 incurrit
559 3010 591 3060 ia·
610 3009 714 3060 oeulos.
754 3008 812 3060 lam
836 3026 899 3060 vero
922 3009 1008 3068 illud,
1036 3008 1109 3076 qnod
1123 3019 1174 3074 pro

174 3095 303 3148 doctrina
320 3112 368 3147 sua
387 3092 548 3145 horribilem
565 3094 652 3146 crucis
669 3097 792 3153 mortem,
811 3111 892 3165 quam
907 3093 1132 3163 praevideret
1148 3093 1176 3140 et

177 3182 278 3233 iterum
294 3180 444 3247 iterumque
461 3177 603 3247 discipulis
621 3176 678 3229 suls
700 3178 939 3251 praedixerat,
965 3177 1037 3231 ultro
1056 3180 1083 3225 et
1100 3173 1174 3243 quie-

177 3260 353 3323 tus,sulaiit
376 3278 464 3315 nonne
489 3280 564 3330 prava
539 3264 677 3313 vissimum
700 3260 831 3312 iudicium
858 3268 898 3314 ost
925 3260 989 3312 talis
1015 3252 1174 3330 patientiae,

183 3350 354 3403 consimiles
372 3354 399 3399 et
416 3348 499 3401 animi
516 3345 809 3414 magnitudinisque
826 3363 859 3397 ex
875 3345 1026 3397 certissima
1042 3344 1100 3397 reri
1117 3354 1175 3397 roe·

178 3437 259 3505 tique
277 3431 443 3485 conscientie
466 3433 597 3485 oriretur?
630 3430 711 3480 Potui
713 3436 769 3481 sset
788 3430 880 3497 denus,
907 3432 931 3481 si
948 3426 1028 3481 aliter
1045 3443 1076 3478 ae
1092 3431 1175 3478 testu

178 3526 228 3573 tus
246 3519 346 3577 luerat,
370 3518 403 3568 de
421 3535 450 3569 se
469 3517 606 3577 sensisset,
630 3515 862 3568 vehementissime
886 3519 1019 3567 tormenta
1036 3515 1064 3563 et
1080 3482 1176 3564 lulole·

181 3603 286 3656 ruste·
310 3603 446 3655 cruciatu
469 3603 543 3654 laete
561 3602 754 3654 sustentatione
775 3600 902 3671 effugere
939 3600 1004 3651 itan
1021 3578 1178 3649 retrectavlt

181 3688 380 3751 intimatum,
399 3686 471 3739 sed.
462 3704 517 3757 apsa
535 3690 609 3741 cruci
625 3688 722 3739 affixus
741 3687 840 3739 diserte
857 3686 938 3739 etiam
955 3682 1133 3745 enullmnvlt,
1150 3687 1178 3735 et

183 3790 217 3826 eo
236 3773 344 3842 quidem
361 3772 441 3822 medo
459 3771 644 3833 confirmavit,
670 3776 701 3823 ut
719 3772 799 3823 etiam
816 3771 977 3827 durissimus
994 3769 1098 3821 unimus
1114 3782 1177 3836 pro·

179 3862 243 3928 p'ter
260 3855 394 3907 infinitam
410 3854 478 3913 Jeru
495 3854 596 3909 Christi
613 3858 792 3922 clementiam,
811 3842 1045 3907 mansueludinem
1063 3848 1092 3903 nt
1107 3848 1177 3903 curl-

180 3948 266 3997 neem
284 3957 347 4009 erga
368 3958 454 4011 genus
474 3940 619 3995 humanum
636 3943 743 4013 percuti
759 3940 869 4007 debeat,
891 3942 1031 4011 ipsiusque
1056 3937 1176 3993 nenne·

181 4029 230 4079 nio
246 4028 343 4079 iterum
361 4027 509 4095 iterumque
526 4026 591 4079 dato
608 4028 686 4097 quasi
701 4027 821 4096 sigillum
836 4026 1022 4097 imprimatur:
1046 4020 1172 4084 „Pater
