2514 4792
640 262 728 344 iou

43 517 47 524 ·
149 472 225 561 giae
245 467 380 549 limites,
402 462 466 531 sed
487 461 587 531 uitus
609 462 690 565 quid
710 466 747 530 et
767 450 943 528 sublimius
964 461 1110 551 assequi
1130 476 1213 527 eoue-

143 594 215 679 tu'r,
236 582 451 656 omittendam
470 587 529 650 aut
549 591 643 650 certa
668 601 735 648 non
762 578 939 713 admodum
958 580 1076 667 magni
1103 579 1212 667 ponde

143 711 196 777 'ris
214 704 403 776 habendam
424 722 514 773 esse

208 823 315 894 stat
339 843 360 891 e
388 822 554 891 eontrauia
585 823 700 907 parte,
736 806 1060 906 quemadmodum
1047 834 1120 881 ram
1148 814 1212 899 dixi,

142 936 340 1014 Giintherns
370 961 448 1008 eum
477 935 561 1005 aliis.
604 938 683 1005 Nou
713 956 783 1023 qno
811 936 947 1003 omniuo
978 932 1148 1023 reprobet
1172 956 1213 1018 ea,

142 1082 235 1152 quae
256 1060 453 1129 Hermastus
475 1055 594 1125 doeetz
620 1054 684 1124 sed
704 1074 824 1122 manea
841 1072 928 1123 esse
947 1053 1140 1133 contenuit,
1162 1053 1212 1120 oei

142 1183 311 1248 arctiores
344 1172 388 1245 ab
414 1176 592 1245 Hermesio
621 1175 782 1241 teratinos
808 1174 968 1242 connotat
975 1220 988 1257 ,
1020 1170 1117 1239 nitra
1139 1192 1209 1260 quos

139 1276 358 1367 'etiam'insta
378 1294 573 1383 progressio
594 1276 666 1361 beri
688 1296 799 1380 queat
837 1276 893 1361 me
907 1300 979 1379 egb
996 1290 1140 1380 'quidem
1153 1310 1206 1356 uou

140 1438 302 1505 possum,
324 1414 404 1502 quin
425 1410 599 1480 Gintbero
621 1413 795 1479 assentiar.
833 1408 934 1480 'Sabe
950 1407 1210 1499 pmbauduui·
1250 1500 1252 1505 Δ

44 1618 48 1622 ¹
143 1528 202 1601 lud
222 1533 404 1600 Hermesii:
426 1531 649 1618 cognitionem
676 1530 820 1599 di'viuam
840 1534 920 1599 esse
940 1518 1212 1613 intuitionem‚et
1249 1588 1252 1601 .

141 1650 338 1718 facultatem
359 1648 590 1737 cognoscendi
610 1648 754 1716 divinam
768 1668 849 1718 erse
868 1626 1073 1719 facultatem
1087 1649 1213 1717 reuviu

139 1770 337 1836 intuitivam.
380 1765 466 1835 Item
484 1766 585 1834 iliud:
606 1768 731 1836 'inesse
751 1770 787 1835 in
813 1766 917 1834 nobis·
943 1750 1152 1854 e'b'gnitiunis
1177 1766 1214 1832 di
1247 1750 1252 1841 ,ἕ

142 1888 242 1954 'vinae
263 1883 436 1973 analogum
481 1882 716 1970 Quamobrem,
744 1887 777 1952 si
797 1886 1004 1973 comparatio
1025 1885 1103 1971 fiat,
1128 1888 1216 1954 etiau

141 2004 193 2090 id,
215 2004 307 2094 qnod
327 2006 361 2071 iu
381 2004 459 2074 Deo
481 2010 553 2090 est,
579 2003 761 2094 perimine
782 2002 915 2091 analogi
938 2004 1118 2073 motionem
1137 2007 1215 2093 engi

138 2120 218 2208 uri,
235 2110 307 2190 boe
327 2129 383 2191 est
403 2121 552 2192 adhibito
574 2128 743 2210 eouoeptn
765 2122 935 2209 empirieo,
955 2102 1063 2211 quem
1077 2123 1214 2193 intellet-

140 2238 199 2311 t'us
220 2243 296 2330 (der
314 2240 502 2343 Vei-stand)
532 2239 728 2329 suppeditat
755 2236 798 2305 de
822 2244 941 2313 nostra
965 2228 1211 2311 intuendi'aeti

88 2425 89 2429 ,
136 2380 217 2445 oue,
238 2359 483 2453 quodammodo
503 2344 665 2429 illustiabi
684 2359 861 2445 magisque
881 2358 929 2427 aff
945 2360 1093 2447 eaptum
1112 2362 1209 2431 bm-
1250 2394 1252 2401 ·

48 2530 53 2539 .
120 2460 218 2547 ¹uum
238 2478 483 2559 aoeommodari
512 2482 638 2567 potest
681 2475 853 2559 Potest,
878 2460 1026 2565 inquom,
1051 2486 1092 2549 et
1112 2484 1213 2569 potat

135 2595 326 2664 ¹saecundum
351 2599 528 2664 veiitatem
554 2603 658 2685 atque
686 2594 878 2663 utilissime:
909 2600 947 2662 'at
972 2600 1036 2664 eur
1070 2598 1213 2668 debeat

139 2716 291 2800 aimoino,
323 2716 423 2784 etiam
444 2712 488 2781 ab
508 2715 569 2799 iis,
595 2734 739 2803 quorum
760 2716 845 2783 ratio
864 2716 973 2803 magis
994 2717 1139 2787 exculto
1158 2722 1211 2801 ort,

135 2844 205 2923 ego
227 2852 295 2900 uon
315 2834 448 2901 invenio
475 2838 703 2920 argumentum
730 2835 816 2900 satis
840 2832 1007 2903 idonemm
1059 2835 1208 2921 Profecto

139 2954 238 3037 enim,
260 2951 352 3041 quod
373 2955 449 3040 ipse
473 2950 672 3021 Henmesius
693 2952 812 3036 docet,
842 2953 926 3019 rati'o
947 2950 1018 3038 (die
1037 2952 1208 3037 Veromo)

137 3077 276 3160 propter
301 3064 662 3161 aeternitatemque
687 3070 986 3139 immutabilitatem
1012 3070 1097 3143 Deo
1117 3074 1206 3143 tribu

138 3189 259 3257 endam
277 3190 313 3257 in
334 3191 588 3281 eodem'poseit
613 3192 800 3279 suumque
829 3190 1055 3278 coguitionem
1077 3212 1203 3281 prorum

136 3308 375 3397 immediatam,
405 3306 584 3382 m‘e'tl'iatam
611 3306 756 3395 autem,'
775 3330 864 3399 qnae
888 3292 980 3377 nulla
1000 3315 1206 3402 esse'potert

137 3422 211 3496 siue
231 3420 424 3517 mutatione,
445 3426 468 3499 a
486 3428 564 3500 Deo
586 3406 762 3519 seiungere
784 3427 922 3517 cogitur.
964 3426 1019 3497 lta
1039 3434 1150 3505 ratio
1167 3432 1205 3507 iu·

136 3548 258 3619 format
277 3540 416 3620 ideam'
440 3550 699 3637 cognitionis
728 3544 901 3636 prorsus
928 3530 1207 3635 immsstm,

137 3686 225 3755 quae
247 3669 348 3736 eadat
367 3656 542 3737 in'Denm.
586 3668 701 3756 Atque
721 3664 808 3734 haee
828 3666 916 3750 idea,
938 3668 1039 3755 qnam
1053 3654 1142 3737 ratio
1154 3671 1209 3737 im

137 3805 182 3852 ex
201 3789 272 3852 suis
293 3789 464 3876 principiis
484 3789 650 3870 informat,
672 3784 882 3853 confirmatur
903 3784 1211 3874 revelationeom

136 3904 178 3969 iis
199 3902 297 3989 loeis,
318 3908 409 3994 quir
397 3909 478 3973 item
498 3913 670 3976 aeternum
691 3911 727 3973 et
746 3903 981 3971 immutabilem
1002 3904 1120 3974 Deum
1141 3926 1211 3976 esse

136 4020 326 4108 declarant,
356 4030 427 4093 tum
447 4025 559 4093 aliis
548 4028 747 4116 innumeris,
779 4025 838 4112 qui
859 4024 985 4093 diserta
1013 4028 1047 4093 oi
1067 4025 1213 4095 tribuunt

137 4143 360 4228 intuitionem
390 4154 467 4212 nam
497 4143 584 4215 haee
611 4150 666 4213 est
694 4143 885 4214 essentialis
911 4150 991 4213 uoto
1020 4150 1057 4214 et
1083 4146 1212 4235 propria
