2514 4792
637 278 719 351 1⁰2

146 470 235 557 dias,
254 489 344 561 qnae
363 464 522 559 pullulare
541 466 609 535 lam
628 469 823 556 coeperunt,
842 468 881 533 et
897 462 1011 551 magls
1032 462 1135 537 ellam
1149 460 1207 564 pl·

146 586 289 658 inlatum
309 588 398 672 sunt,
419 588 484 655 nlsi
503 584 590 655 malo
611 590 814 655 occrnratur.
857 578 933 675 Sed¹
951 576 1078 649 melius
1097 580 1204 649 nonni

148 707 292 777 debatur
312 706 442 774 occurri
460 725 565 795 posse
584 704 832 791 ingravescenti
850 699 951 787 malo,
980 720 1086 789 (Ῑιιιιιιι
1105 700 1205 785 itan

44 814 49 819 ¹
148 826 281 896 Latinis
301 823 415 893 verbis
434 844 502 892 non
522 822 632 893 solum
645 822 812 889 Hermesii
831 822 974 909 eiusque
987 817 1152 909 discipulo

150 945 336 1013 sententiae
357 940 466 1031 palam
484 947 761 1031 proponerentur,
781 939 846 1009 seu
866 942 969 1009 etiam
989 944 1207 1011 accusatam

149 1062 275 1153 placita
303 1063 565 1153 proferrentur
554 1082 590 1129 ιιι
614 1058 757 1129 medium
788 1064 825 1127 et
854 1062 1070 1147 argumenta,

150 1183 344 1270 impugnant
374 1202 457 1268 nos,
492 1199 614 1251 severo
645 1178 788 1247 examini
814 1175 1072 1249 surbiicerentur.
1113 1170 1184 1257 ss

152 1297 218 1368 lroc
245 1298 395 1384 faciem,
416 1305 527 1390 puto,
557 1296 648 1387 apud
674 1316 803 1386 aequos
822 1294 953 1365 iudices
976 1262 1206 1365 exoumuonrs'

152 1414 301 1487 habebit
343 1416 498 1486 Numito
518 1414 760 1501 fietiortasm,
791 1420 830 1483 ut
849 1434 919 1503 pax
944 1412 1050 1485 valde
1068 1412 1207 1507 optabils

154 1534 288 1604 redeats
309 1536 418 1603 redire
440 1540 551 1601 antem
570 1534 629 1601 vix
650 1536 785 1633 poterit,
812 1516 1017 1624 ιῙιιιιιιιιΙίιιΗ
992 1538 1066 1603 noir
1069 1534 1206 1603 utr'lus·

155 1674 236 1745 que
266 1655 373 1742 partis
413 1655 599 1721 sententiae
639 1654 832 1742 propositae
861 1652 988 1723 meant
1019 1648 1207 1723 sanem

155 1772 284 1858 Patris,
304 1770 649 1842 Eminentissimomm
670 1766 907 1858 Cardinalinm,
934 1790 1072 1841 summe
1089 1770 1204 1843 Vm*

155 1886 271 1958 biliam
290 1889 539 1980 Episcopomm
560 1894 598 1959 et
616 1886 864 1979 Theologornm
888 1888 1027 1957 iudicio.
1073 1886 1198 1975 llos-ffl-

155 2014 222 2095 tur,
237 2015 281 2077 ut
300 2008 412 2079 offlam
430 2006 687 2079 accusatoribus
708 2002 951 2095 contraherem,
970 2006 1203 2099 ipsomeim

157 2125 283 2217 placita
304 2133 340 2196 et
359 2129 664 2219 argumentationes
685 2127 854 2197 introduxi
873 2134 978 2217 atquc
993 2126 1209 2197 mannari-

158 2264 269 2334 neque
289 2248 495 2335 inposterum
515 2268 579 2336 ego
600 2246 775 2316 consilium
793 2268 921 2337 sequar
937 2252 1011 2321 tam
1031 2266 1147 2339 parum
1159 2240 1210 2315 us

160 2360 272 2431 dabie
291 2400 353 2449 -,
382 2362 447 2435 sed
470 2370 609 2435 nostrae
629 2364 837 2435 defensionis
857 2370 1026 2463 causajet
1044 2366 1094 2435 ari
1111 2382 1212 2457 moen,

143 2480 238 2553 ·lleo
268 2484 421 2569 iuvante,
453 2483 703 2553 muniendam
757 2478 915 2554 Ceterum
940 2474 1050 2569 iniis
1075 2482 1213 2563 omnibs

161 2618 252 2688 quae
271 2598 358 2685 dixi,
378 2600 459 2672 nihil
477 2604 583 2687 inest,
611 2600 703 2695 quod
722 2622 803 2673 vere
824 2601 942 2673 dmum
962 2602 1027 2689 sit,
1049 2610 1146 2675 certe
1163 2596 1214 2675 nil

161 2717 356 2787 iniuriosum
376 2724 436 2790 aut
455 2718 746 2805 conumeliosum,
773 2718 853 2789 nihil
873 2718 965 2810 quod
985 2722 1160 2809 mordeat,
1175 2718 1218 2789 ri·

150 2816 306 2925 'simplex
325 2840 452 2908 veritas
470 2838 624 2909 mordere
644 2839 804 2915 dicatur..
825 2840 989 2911 Potenmt
1009 2848 1217 2921 aemulum

162 2958 196 3025 si
215 2955 347 3044 volent,
379 2963 416 3027 et
435 2960 503 3047 ipsi
522 2966 639 3029 nostra
664 2962 859 3046 argumenta
884 2956 1029 3028 similem
1048 2960 1087 3029 in
1113 2958 1219 3041 morl!

163 3078 327 3162 mactare3
361 3097 429 3147 non
448 3081 633 3149 irascemur
651 3080 754 3168 ipsis,
785 3079 884 3146 immo
904 3078 1007 3153 eiiam
1027 3076 1220 3153 vehemmlc

153 3190 389 3279 'exhortamun
410 3201 450 3265 ut
468 3192 619 3265 similiter
637 3200 802 3279 tractent,
831 3192 1007 3273 dnmmodo
1028 3194 1163 3266 iaciant
1177 3194 1223 3265 1*

165 3312 245 3379 tine.
286 3312 397 3381 Huius
419 3321 532 3384 autem
551 3316 717 3385 cautionis
736 3334 826 3404 quoe
845 3330 973 3391 causae
989 3315 1082 3401 sunt,
1113 3310 1224 3407 expos‘r

166 3432 239 3497 mm
259 3433 344 3499 est
333 3454 369 3499 m
387 3432 609 3503 Praefatione.

254 3546 345 3619 Sunt
369 3552 470 3638 igitur
496 3552 664 3621 Hermesii
690 3552 879 3631 sentcntiae
905 3586 952 3605 ·-
969 3568 1041 3631 non
1060 3548 1142 3623 fflas
1161 3552 1229 3633 uin,

168 3686 255 3756 quas
281 3675 501 3739 accusatores
527 3669 595 3739 sibi
614 3670 757 3760 finxere,
786 3689 942 3758 quasque
967 3690 1083 3759 neque
1110 3672 1231 3743 uerno

170 3788 243 3853 sius
264 3808 409 3876 unquam
429 3788 607 3877 professus
627 3796 830 3887 estusque
850 3785 1081 3888 profitentur'
1070 3794 1182 3879 ipsius
1198 3788 1234 3859 li

172 3902 293 3994 scipuli
312 3943 357 3959 --
377 3914 474 3994 sunt,
501 3908 653 3996 inquam,
685 3926 787 3976 verae
807 3905 906 3975 huius
926 3904 1095 3979 Doctoris
1115 3916 1235 3983 mrim

172 4023 240 4091 tiae
262 4023 305 4089 de
326 4023 404 4092 fidei
424 4025 555 4095 divinae
576 4032 715 4111 natura,
747 4025 873 4111 origine
894 4031 932 4095 et
956 4026 1249 4119 commulnem

173 4144 251 4214 ιιίιιιι
272 4142 456 4229 eiusmodi,
482 4151 520 4211 ut
541 4148 738 4215 constant
757 4164 835 4212 cum
855 4164 915 4227 eo,
940 4145 1034 4235 quod
1056 4170 1182 4223 ncrao
1197 4148 1239 4221 it
