2514 4792
90 392 192 464 quam
221 367 436 449 llcrmcsins,
467 384 535 433 non
560 366 688 453 primas
707 383 794 433 sane
823 364 891 433 sed
919 371 1140 455 praestantiori

89 512 217 565 monam
243 485 487 573 Theologornm
513 486 665 571 vestigiis
691 486 872 571 insistens,
905 494 1068 557 monente
1091 508 1142 555 car

90 611 234 681 aeonae
258 600 505 694 ingrediendam
533 603 703 673 oronnae
730 610 768 671 et
787 602 832 671 ao
860 586 1143 675 maeonius

88 730 157 799 hus
176 733 213 801 et
226 746 246 794 a
261 725 389 794 doctis:
410 722 454 789 ah
475 721 622 790 indoctis
642 740 684 789 eo
704 721 819 807 modo,
839 728 880 799 nt
901 724 1054 813 simplici
1073 724 1145 793 carl

89 850 273 947 sequantpr
301 844 438 911 insitam
467 840 633 928 quendam
665 842 750 909 recti
775 861 937 929 sensnm,
974 846 1039 933 qui
1057 862 1145 915 ream

86 991 156 1037 non
175 966 286 1039 differt
305 983 327 1031 a
347 980 432 1028 sana
451 966 562 1028 mente
583 982 646 1028 seu
666 962 811 1046 ratione,
833 966 871 1029 ct
890 970 1081 1053 propterea
1097 984 1144 1033 cs·

86 1091 144 1156 tns
164 1086 235 1153 dux
259 1086 331 1166 est3
366 1102 389 1147 a
410 1076 520 1147 doctis
540 1100 584 1147 eo
604 1078 717 1164 modo,
746 1086 786 1148 ut
811 1082 886 1167 pari
909 1082 1037 1153 cordis
1052 1081 1145 1173 simpl

86 1208 190 1275 citatc
216 1220 261 1271 cx
288 1199 440 1270 eiusdem
466 1197 604 1265 rationis
633 1199 806 1287 principiis
836 1198 970 1269 clarius
1001 1204 1147 1291 percepti

87 1322 132 1391 dc
158 1323 269 1391 divina
288 1317 484 1406 propositae
513 1317 686 1384 doctrinae
713 1319 841 1405 origine
863 1316 1052 1408 dihgentor
1068 1322 1147 1410 mos·

86 1445 163 1509 rant
182 1445 219 1509 et
238 1442 332 1507 necte
351 1433 548 1503 diiudicent.
590 1434 773 1505 Videamus
792 1456 904 1524 nunc,
928 1441 1100 1529 quomodo
1115 1442 1148 1509 ia

16 1558 19 1563 ’
86 1560 231 1628 dicatam
250 1556 340 1624 viam
358 1554 555 1623 Harmesins
573 1561 807 1645 prosequatur.

172 1811 303 1867 motivam
326 1806 516 1864 credibilitstia
540 1824 706 1879 provocare.
735 1810 784 1863 ahi
800 1810 830 1863 id
852 1809 951 1881 ipsum
972 1816 1007 1869 ira
1024 1812 1144 1888 autin

172 1906 224 1961 est,
242 1917 277 1951 sa
300 1899 424 1949 doctrina
447 1897 482 1948 ad
499 1898 659 1949 credendam
683 1898 822 1967 proposita
844 1914 944 1967 reapse
966 1918 987 1953 s
1007 1899 1139 1955 morde

171 1988 217 2038 sit.
249 1984 404 2036 Auctoritas
422 1982 524 2042 divina,
543 1983 568 2033 si
580 1983 685 2051 quidem
702 1982 769 2036 haec
787 1984 862 2035 notio
879 1989 1007 2057 proprie
1023 1994 1098 2041 etue
1107 1982 1137 2033 ia·

171 2072 321 2140 telligatur,
339 2074 372 2121 ut
387 2066 518 2120 motivum
535 2066 735 2129 eredihilitatis‚
752 2068 805 2121 hoc
822 2073 864 2120 est
879 2075 913 2121 nt
930 2088 1037 2135 causa,
1052 2082 1145 2143 qaant-

170 2173 278 2221 vcmnr,
295 2162 328 2208 ut
343 2154 450 2222 singula
467 2171 588 2222 quaeque
605 2153 731 2222 dogmata
749 2170 766 2204 a
782 2153 840 2205 Deo
857 2153 1015 2212 nobiscum
1033 2153 1150 2213 canui·

170 2248 232 2296 cata
249 2242 307 2292 sine
331 2239 389 2290 ulla
405 2237 583 2290 haesitatione
605 2240 761 2299 credamus,
789 2245 848 2291 tam
872 2239 990 2295 demum
1012 2242 1153 2297 intuendae

172 2336 201 2380 et
215 2330 307 2397 potest
323 2330 350 2377 et
366 2322 456 2385 debet,
477 2329 620 2393 postquam
638 2324 671 2375 de
689 2324 779 2375 divim
797 2323 900 2392 origine
919 2326 1017 2381 totius
1035 2328 1154 2383 amatur

169 2411 341 2483 propositae,
359 2408 411 2461 hoc
433 2414 475 2462 eat
496 2410 530 2461 de
552 2408 647 2461 facto
668 2409 840 2461 revelationis
857 2408 980 2475 divinae,
1001 2420 1109 2469 count
1121 2426 1154 2465 as·

169 2496 266 2566 hisque
282 2512 440 2566 persuasum
457 2500 511 2547 cst.
544 2494 660 2547 Necesse
677 2501 720 2548 eat
736 2496 837 2565 igitar,
855 2499 887 2546 ut
902 2493 1065 2555 huiusce
1079 2494 1156 2553 treet

168 2583 309 2635 veritatem
325 2579 447 2633 homines
463 2597 513 2650 per
528 2582 702 2632 rationem
728 2598 819 2641 snam,
843 2597 875 2631 ex
891 2587 1067 2648 argumenti.
1083 2592 1155 2639 unes

168 2684 223 2720 non
239 2666 363 2727 internis,
381 2667 410 2718 id
427 2672 468 2718 est
484 2683 516 2717 ex
533 2662 593 2717 sola
608 2668 715 2718 ratione
731 2663 847 2728 haustis,
865 2666 913 2718 sed
931 2670 1106 2725 extrimmcas
1121 2664 1156 2721 sl

168 2753 235 2807 latis
252 2752 309 2803 sive
325 2768 357 2803 ex
380 2749 578 2804 characteribus
603 2768 664 2803 cnm
691 2752 815 2817 doctrina
831 2753 868 2804 ad
885 2755 1058 2809 credendam
1073 2768 1156 2827 propt·

168 2840 222 2893 sita
234 2839 397 2898 coniunctis,
415 2844 488 2889 certo
499 2854 661 2905 cognoscere
673 2842 799 2906 certoque
810 2839 919 2889 eredere
930 2839 1057 2908 possint,
1076 2843 1156 2911 (qm

169 2924 251 2998 qaam
267 2923 319 2977 hoc
337 2925 408 2993 ipso,
425 2929 457 2975 nt
474 2924 547 2975 inira
563 2924 717 2975 accuratius
735 2923 898 2983 videbimus,
915 2925 1031 2977 minime
1050 2924 1155 2981 excladi·

167 3019 224 3073 tur,
243 3011 278 3062 ad
294 3012 377 3063 talem
395 3008 575 3077 cognitionem
592 3008 725 3079 fidemque
743 3007 796 3059 sihi
814 3010 1028 3078 comparantium
1045 3012 1155 3082 indigua

166 3097 290 3150 homines
306 3095 408 3147 auxilio
427 3093 543 3160 divino).
578 3092 745 3158 Qnipcontrs
762 3099 896 3154 statuum,
915 3110 1024 3147 omnem
1043 3098 1115 3149 riu
1128 3092 1156 3145 al

166 3184 290 3237 sltiorcm
307 3180 447 3233 scientiam
464 3185 537 3230 recte
548 3178 721 3248 perveniendi
732 3179 922 3248 praecludunt.
959 3178 992 3230 lu
1003 3179 1062 3234 hoc
1073 3182 1155 3235 ritis!

166 3274 275 3339 praeter
286 3267 356 3317 alios
372 3263 469 3316 incidit
485 3263 709 3326 Bautaenins,
727 3263 819 3315 Ahhas
831 3264 1069 3332 Francogsllicus‚
1086 3284 1155 3340 prap-

165 3360 239 3406 terea
255 3350 292 3403 ah
307 3351 445 3421 Episcopo
455 3349 684 3417 Argentoratensh
702 3346 769 3399 Viro
795 3350 1030 3403 Reverendiasims
1049 3359 1080 3407 ct
1094 3354 1155 3405 noe·

165 3440 284 3499 tissime,
302 3452 405 3488 summo
422 3437 481 3486 inre
503 3437 654 3499 damnatas.
688 3434 820 3505 Equidem
845 3437 884 3488 sic
907 3435 963 3488 dici
979 3443 1089 3506 poteste
1118 3454 1148 3491 as

165 3529 209 3577 tae
233 3539 281 3575 sen
305 3521 472 3574 characteres
496 3521 642 3574 divinitatis
667 3538 728 3573 cum
753 3522 876 3573 doctrina
899 3521 992 3589 aliqua
1023 3524 1156 3579 coniuncti

166 3625 218 3661 uos
234 3614 351 3667 movent,
369 3611 401 3658 ut
417 3607 558 3658 credamus
575 3607 705 3658 factum
722 3607 894 3657 revelationis
913 3607 1036 3661 divinaea
1069 3618 1100 3665 at
1115 3611 1157 3665 het
1185 3626 1187 3671 ι

166 3695 261 3764 ipsos
291 3693 532 3751 characteres,
564 3709 595 3742 ex
619 3691 719 3760 quihus
737 3690 818 3742 altior
835 3692 974 3743 doctrinae
999 3695 1101 3766 origo
1118 3698 1157 3749 de

166 3797 239 3832 mum
256 3779 427 3846 intelligitur,
445 3780 492 3847 qui
504 3777 647 3829 contundit
663 3792 725 3826 cnm
742 3777 957 3829 auctoritate
975 3778 1103 3834 divina
1119 3792 1158 3851 (es

167 3880 259 3927 sensu,
276 3881 330 3932 quo
342 3881 422 3933 supra
434 3864 570 3930 diximus),
588 3880 684 3933 parum
701 3869 799 3915 acutus
815 3868 866 3923 cst,
885 3869 912 3914 et
929 3867 1088 3920 necessario
1104 3887 1158 3940 pes·

96 3950 100 3957 '
166 3949 264 4000 simam
280 3948 351 4001 illud
366 3949 506 4018 petitionis
523 3948 649 4019 principii
665 3949 760 4000 vitium
773 3949 928 4007 committit.
963 3950 1049 4007 Plura
1064 3956 1099 4009 de
1112 3955 1159 4008 hoe

165 4034 318 4090 discrimine
334 4036 444 4091 minime
460 4033 623 4105 negligenda
640 4032 760 4087 dicemus
777 4034 858 4086 infra.
