2596 4778
627 225 677 286 ln

110 427 170 491 aa
189 427 370 508 agnoscet,
400 442 465 490 nos
493 443 572 491 esse
599 422 684 491 tilios
705 423 815 512 Ipsius
844 426 977 512 fideles,
1014 428 1198 498 doctrinae

1 529 2 534 ἵ
113 539 313 609 christianae
333 546 370 607 et
391 540 574 608 catholicae
595 546 729 629 penitus
757 543 928 629 addictos,
961 550 1189 617 novandarum

110 678 220 731 aarum
245 661 375 727 minime
403 659 584 728 studiosos.
627 663 703 727 Nec
729 683 810 729 vero
839 662 918 731 illud
944 667 1188 753 reprehenden-

113 778 278 861 domest
300 776 392 866 quod
410 776 509 864 longe
531 779 697 845 diversam
718 781 762 847 ab
784 802 836 867 ea,
858 804 958 870 quam
979 785 1034 852 alii
1055 785 1188 854 obtule·

110 902 202 982 runt,
233 898 399 964 Hermesii
428 898 601 984 imaginem
627 898 823 969 admnbrare
845 903 1073 988 instituemus3
1108 922 1189 973 narn

106 1013 354 1087 Sanctissimus
375 1016 476 1082 Pater
497 1018 529 1082 si
548 1021 664 1086 nostra
684 1040 798 1107 opera,
819 1042 887 1087 non
907 1021 1106 1089 immodeste
1128 1030 1189 1091 aut

108 1142 302 1222 arroganter
322 1135 386 1225 sed
406 1133 544 1202 viriliter
563 1142 675 1203 tamen
695 1137 913 1225 perficienda,
947 1161 988 1207 eo
1016 1140 1187 1210 adductus

107 1255 220 1337 fuerit,
242 1259 281 1322 ut
300 1251 556 1321 nostramdllius
571 1255 732 1323 Doctoris
753 1258 927 1342 imaginem
949 1257 1113 1344 intelligat
1125 1280 1187 1327 ve-

108 1394 181 1441 ram
202 1379 238 1441 et
251 1360 426 1459 genuinam
448 1392 538 1469 esse,
558 1371 815 1462 haudquaquam
829 1375 864 1447 id
878 1396 978 1462 aegre
999 1375 1098 1460 feret,
1121 1377 1185 1444 sed

104 1489 284 1559 laetabitur
309 1490 440 1578 potius,
472 1489 669 1580 faciliusque
690 1493 733 1560 dc
758 1493 926 1562 Hermesii
946 1492 1185 1583 discipulorum

105 1610 226 1676 studiis
249 1630 344 1697 spem
364 1609 485 1676 ironam
500 1612 683 1696 ¹concipiet

401 1726 417 1775 r

190 1880 415 1965 „Hermesius
437 1902 570 1968 semper
592 1880 693 1947 discit
719 1887 754 1947 et
774 1900 941 1967 nunquam
962 1880 1006 1946 ad
1027 1884 1180 1949 veritatis

141 1998 146 2007 ¹
188 2017 362 2083 scientiam
382 2018 551 2104 pervenit3
573 2015 733 2083 audacter
747 2037 768 2081 a
782 2018 885 2104 regio,
908 2037 1009 2103 quem
1023 2018 1174 2084 universa

186 2151 334 2220 Traditio
357 2164 393 2222 et
413 2176 461 2221 ss.
484 2154 603 2221 Patres
629 2154 664 2218 in
685 2151 891 2240 exponendis
912 2157 948 2219 et
967 2152 1177 2219 vindicandis

187 2286 264 2354 fidei
283 2287 481 2357 veritatibus
496 2294 697 2373 straverunt,
723 2291 855 2355 tramite
878 2286 1074 2371 deflectens,
1097 2290 1177 2375 quin

106 2464 120 2505 .·
186 2428 222 2492 et
241 2424 389 2511 superbe
410 2430 628 2501 contemnens
648 2431 684 2493 et
704 2423 875 2505 damnans,
897 2422 1111 2490 tenebrosam
1133 2422 1176 2490 ad

184 2580 329 2627 errorem
350 2561 558 2648 omnigenum
579 2562 667 2626 viam
686 2557 817 2627 molitur
837 2561 872 2624 in
890 2558 1005 2625 Dubio
1024 2561 1183 2646 positivo,

108 2722 111 2727 ·
182 2702 340 2784 tanquam
360 2696 437 2763 basi
457 2697 564 2762 omnis
585 2693 793 2782 theologicae
812 2694 1052 2784 inquisitionis,
1081 2699 1117 2761 et
1137 2697 1173 2760 in

106 2834 109 2841 '
181 2835 354 2923 principio,
377 2831 472 2931 quod
489 2802 618 2914 statuit,
640 2832 799 2897 rationem
820 2830 1003 2918 principem
1023 2849 1173 2897 normam

180 2992 222 3037 ac
243 2972 376 3037 unicum
402 2965 544 3033 medium
566 2985 662 3049 esse,
692 2987 759 3054 quo
780 2956 1040 3051 homo'assequi
1058 2940 1177 3053 possit

182 3103 478 3196 supernaturalium
491 3103 668 3168 veritatum
683 3101 921 3187 coguitionem
941 3100 1029 3167 idem
1043 3098 1187 3171 docui..

177 3265 240 3311 nas
253 3241 410 3330 proponit
427 3207 576 3305 absonas
590 3259 610 3303 a
626 3233 862 3303 catholicarum
874 3237 1058 3305 veritatum
1079 3234 1180 3324 prim

59 3406 72 3431 ο
179 3380 291 3465 cipiis;
325 3375 421 3465 plura
450 3374 600 3442 contexit
620 3371 773 3439 absurda·
788 3377 823 3439 et
844 3394 865 3437 a
885 3371 1034 3440 doctrina
1056 3370 1174 3440 eccle·

73 3498 76 3505 ¹
108 3556 111 3561 -
180 3508 252 3580 siae
273 3486 464 3580 catholicae=
481 3509 605 3593 aliena,
640 3509 837 3594 praesertim
857 3528 937 3574 vero
959 3506 1049 3573 eirca
1070 3514 1197 3575 natu·.

177 3670 246 3714 ram
277 3645 356 3714 fidei
386 3652 422 3712 et
442 3643 690 3712 ¹credendorum
722 3642 886 3729 regulam,
923 3645 1012 3709 circa
1040 3645 1198 3712 motiva·

179 3780 423 3865 credibilitatis3
452 3778 527 3847 lilrri
553 3781 626 3846 eius
649 3780 819 3846 continent
840 3778 1010 3846 doctrinas
1031 3783 1068 3844 et
1087 3799 1170 3867 pro·

175 3919 360 4006 positiones
394 3915 581 4003 captiosas,
615 3916 649 3982 in
677 3915 937 4004 Scepticismum
963 3918 1000 3982 et
1032 3910 1168 3982 Indiffe·

172 4038 365 4121 'renttsmum
391 4051 622 4123 inducentem
