2514 4792
662 305 751 397 sus¹

162 490 450 582 non-perveneris.
493 488 584 572 ouis·
598 495 664 574 est,
685 508 786 578 quem
806 488 944 575 erugat
960 480 1226 553 talen-Phasis

162 613 260 701 phiae
281 632 380 678 usum
399 609 596 697 positivum,
621 586 759 677 nimium·
782 626 866 674 sane
887 607 977 674 inter
992 608 1173 703 nostrates
1190 603 1228 668 ri·

166 735 317 816 gentem,
339 749 457 794 revera
476 748 544 794 nou
565 725 696 794 differre
712 747 738 792 a
758 728 886 792 ratione
899 712 1228 791 -Gnostioorum'ide-

164 866 252 931 rum,
281 848 339 934 qui
359 865 478 913 sacras
505 844 635 912 litteras
657 850 693 912 et
718 842 931 911 traditionem
950 838 1137 908 libidinose
1155 844 1228 905 hae

162 962 281 1032 tabant
307 969 344 1031 et
371 963 533 1051 quidquid
562 964 649 1050 ipsis
664 954 842 1051 ¹plaeeretss
872 962 988 1026 inesse
1019 954 1229 1039 affirmabant,

163 1084 222 1170 qui
243 1080 422 1149 ecelesiam
446 1102 515 1149 non
539 1063 735 1164 audiebant,
768 1081 827 1166 qui
853 1075 1094 1165 Philosophiae
1123 1075 1228 1163 prinei

165 1204 283 1285 patum
292 1197 485 1265 tribuebant
497 1219 579 1287 prae
593 1196 813 1265 Revelatioue
826 1196 950 1279 diuina,
960 1193 1053 1260 illam
1064 1193 1228 1276 aemam,

162 1316 250 1384 hane
280 1319 462 1382 ministram
494 1322 530 1382 et
558 1336 695 1383 seruam
711 1292 1001 1391 eonstituobanti
1044 1310 1225 1380 Hermoniss

162 1434 228 1502 hoe
248 1412 501 1517 Gnostieismo,
523 1435 584 1499 ut·
599 1448 718 1521 supra.
733 1426 1006 1500 luculentissimis
1040 1426 1227 1499 testimoniis

163 1553 426 1619 demonstratum
458 1557 528 1634 est,
563 1552 672 1638 ipsam
701 1550 802 1619 fidem
831 1551 1050 1618 christianam
1081 1549 1226 1616 radicitus

164 1667 237 1734 tolli
257 1668 444 1741 rectissime
466 1667 652 1735 arbitratur.

249 1783 323 1854 Sed
337 1785 421 1853 nlius
436 1787 576 1871 cogitari
588 1791 705 1873 potest
717 1787 886 1874 positivus
895 1782 1140 1873 Philosophiae
1149 1802 1229 1867 usus,

162 1903 299 1971 mirifice
329 1903 498 1973 dissidens
525 1904 572 1970 ab
592 1925 650 1988 eo,
683 1924 783 1992 mem
809 1909 888 2001 aute
909 1902 1117 1991 significavi.
1161 1900 1232 1987 Qus

23 2082 25 2087 ,
165 2015 277 2087 enimi
308 2023 339 2088 si
360 2018 441 2087 illud
460 2023 527 2088 iam
553 2028 728 2109 peractum
747 2020 917 2108 negotium
938 2026 1010 2107 est,
1043 2020 1144 2110 quod
1162 2022 1231 2089 ller-

164 2139 292 2211 uresius
314 2159 450 2226 quoque
471 2139 663 2208 meumbere
683 2139 872 2226 'theologis-
888 2138 1002 2223 dooet,'
1018 2140 1063 2208 iet
1082 2138 1159 2228 qus
1178 2136 1231 2208 eli

167 2237 275 2338 citur,s
297 2260 336 2322 ut
357 2256 672 2346 singula⁷.dogmata
700 2277 744 2323 ex
766 2256 917 2325 fontibus
939 2261 1113 2333 externis
1128 2258 1232 2326 hausta

166 2373 421 2460 adsystematis
441 2376 581 2442 fdrmam
601 2374 791 2461 redigamus
805 2376 986 2462 eorumque
999 2374 1099 2451 'iuter
1114 2398 1156 2444 se
1167 2394 1232 2443 eou-

10 2509 19 2531 ⁸
164 2496 344 2563 nexionem
366 2492 456 2560 clare
478 2504 724 2579 cognoscamus
745 2528 789 2545 -
810 2496 941 2561 omniuo
962 2479 1171 2561 euim'lstud
1188 2512 1232 2560 ns·

40 2661 45 2669 .
167 2610 294 2696 gotium
320 2610 452 2679 minime
477 2610 711 2698 negligendum
732 2610 797 2678 sed
822 2617 903 2678 ants
919 2610 1031 2677 omnia
1058 2614 1233 2700 suscipior

167 2725 249 2793 dum
270 2732 334 2810 est,
356 2733 395 2795 ut
415 2726 516 2795 docta
536 2729 740 2816 Tlreologiae
767 2731 910 2795 seientia
923 2732 1136 2815 eomparnri
1150 2734 1235 2820 qued

167 2853 372 2931 ÷pe1aeta
395 2846 501 2931 igitur
526 2844 591 2913 hae
620 2869 724 2934 opera
751 2866 860 2913 nonne
881 2843 1139 2934 ab'ingeniosis
1160 2851 1235 2932 viris,

168 2960 256 3043 ilde
279 2962 419 3035 div-ina
439 2967 516 3030 iam
537 2965 730 3050 bubastim·
759 2967 860 3031 etiam
888 2962 1236 3055 altior'progressm

167 3086 207 3155 et
223 3084 333 3168 'quasi
357 3078 500 3149 uolutus
532 3080 603 3151 lieri
633 3079 771 3172 potest?
806 3083 904 3149 Nam'
922 3084 1167 3169 ingeneratum
1195 3090 1237 3154 ssi

169 3196 269 3278 nobis
284 3218 310 3263 a
333 3198 420 3266 Deo·
431 3196 633 3269 incredibile:
648 3202 816 3289 quoddam
837 3199 1103 3287 nongenties
1122 3206 1236 3295 perspi

172 3317 285 3382 ciendi·
310 3315 527 3405 desiderium,
560 3318 662 3407 idque
690 3317 876 3402 eiusmodi,
903 3324 943 3386 ut
964 3302 1118 3390 excitato
1144 3319 1236 3391 semol

170 3435 245 3511 veri
268 3434 492 3521 investigandi
523 3436 636 3503 studio
662 3456 758 3503 mens
784 3441 929 3521 nostum?
942 3440 1114 3525 quamdiu
1151 3442 1236 3509 senti

171 3549 414 3637 obscuritatem
435 3554 597 3641 aliquam,
624 3576 692 3623 nou
711 3552 824 3621 facile·
839 3554 1056 3643 acquiescam
1084 3560 1150 3627 sed
1168 3558 1233 3625 lile·

173 3688 307 3749 rnrese
323 3669 366 3736 ab
388 3673 706 3741 omni-ubscuritate
729 3678 764 3740 et
784 3671 1178 3762 adplenzim'penetrars
1195 3673 1230 3739 lr

174 3805 248 3853 eem
275 3791 398 3876 cupiat
439 3793 563 3861 Nonne
591 3794 693 3880 igitur
712 3792 830 3877 nubis,
860 3792 1076 3861 dummodo
1110 3792 1231 3863 ereda·

173 3923 259 3990 mus
280 3912 375 3974 aute
392 3910 529 3985 omnia
550 3916 721 3998 propter
742 3914 1040 3980 auctoritatem
1060 3912 1256 3999 divinam,

174 4022 275 4089 etiam
296 4042 338 4090 eo
359 4027 439 4101 eniti
460 4025 550 4110 lieet,
572 4033 611 4095 ut
630 4026 895 4117 philosophando
909 4028 977 4111 vel,
999 4031 1032 4096 si
1053 4032 1155 4119 magis
1170 4022 1247 4113 plan

175 4145 243 4228 eet,
264 4143 520 4232 contemplando
536 4151 578 4215 ¹et
596 4145 806 4234 speculando
833 4148 1028 4238 domatum
1054 4147 1254 4229 chasano
