2514 4792
145 413 281 497 uector
300 412 337 477 et
356 409 390 475 n
415 403 489 473 sou
518 407 655 473 uuum
681 405 881 473 auronum
907 405 1052 487 uuum
1086 388 1206 493 ponus

146 525 275 615 pendet
296 545 340 594 ex
360 527 550 593 testimonio
571 524 708 592 alterius
731 530 831 592 etex
851 524 959 610 ipsius
979 525 1092 590 testis
1114 531 1206 593 aucte
1253 547 1254 555 ¹

148 647 256 713 ritate.
299 645 471 712 Posterior
489 666 607 711 rursus
628 642 753 730 duplex
773 646 843 710 est:
879 646 939 707 aut
957 660 1077 709 merc
1099 640 1208 711 histo
1238 644 1241 653 '

147 764 238 830 rica
264 764 343 830 sive
368 760 574 830 historica
596 783 726 829 sensu
748 760 987 844 strictiori,
1023 781 1120 848 quac
1140 760 1210 828 adii

147 879 248 948 betur
274 883 464 950 testimonio
494 878 653 964 humano,
690 887 749 947 aut
777 876 1131 967 supernaturalis
1158 882 1212 947 ἀπ

148 997 287 1066 divina
315 995 800 1088 (Osienbarungsglauhe),
828 1016 916 1083 quac
942 993 1133 1065 adhibetur
1152 998 1213 1066 edu

147 1119 192 1185 tis
206 1117 334 1186 divinis.
379 1116 435 1186 Ex
446 1116 506 1184 iris
518 1119 584 1183 iam
605 1122 689 1184 satis
711 1119 861 1203 apparet,
884 1112 966 1201 quid
975 1111 1216 1183 Hermesiuset

90 1249 95 1255 ’
113 1303 121 1315 ,
147 1235 239 1304 dicat
253 1243 288 1303 et
303 1237 417 1302 dicere
430 1235 554 1303 debeat
574 1235 702 1302 sidem
723 1233 917 1315 divinum,
938 1251 1060 1319 neque
1073 1234 1216 1305 ussusto

146 1352 269 1421 dubiae
289 1356 451 1421 notationi
471 1352 568 1420 locus
590 1352 792 1441 relinquitur.
834 1352 922 1416 Nom
943 1350 976 1415 si
997 1349 1094 1421 tides
1115 1357 1216 1423 inum·

144 1491 281 1538 versum
301 1478 357 1538 est
376 1471 469 1543 firma
495 1475 670 1560 persuasio
698 1470 754 1539 vel
774 1469 928 1538 assensio
955 1468 1154 1541 excludens
1170 1473 1218 1541 du·

144 1586 340 1670 tinctores,
362 1597 455 1658 certe
476 1590 586 1658 fides
610 1591 748 1657 divina
767 1611 835 1655 non
854 1592 972 1675 potest
986 1584 1059 1657 ulia
1074 1594 1217 1661 essenii

145 1726 206 1791 ea,
228 1727 295 1794 qua
317 1705 468 1791 efficitur,
499 1713 538 1774 ut
557 1706 691 1780 firmiter
711 1705 809 1773 nobis
829 1725 1033 1792 persuasum
1052 1709 1109 1777 sit
1127 1711 1167 1779 da
1181 1713 1217 1778 i's

145 1823 315 1911 omnibus,
348 1845 436 1913 quae
456 1824 554 1893 Deus
575 1826 752 1893 nobiscum
773 1825 1033 1891 communicavit
1055 1834 1098 1897 ct
1115 1835 1212 1897 moto-

144 1943 242 2011 ritate
263 1965 328 2011 sua
348 1942 587 2032 comprobavit.
630 1942 762 2011 Eadem
783 1940 904 2008 dicitur
931 1938 1158 2015 christiana
1174 1952 1206 2013 rt

144 2060 378 2148 catholica,
414 2086 517 2152 quum
542 2064 616 2129 sinc
645 2058 711 2127 ulla
742 2059 963 2127 haesitatione
995 2066 1207 2152 amplctimur

143 2185 180 2247 et
195 2181 360 2249 credimus
382 2184 502 2266 omnia,
525 2202 612 2269 quae
626 2179 734 2247 Jesus
749 2175 914 2263 Christus,
935 2176 1078 2265 legatus
1093 2190 1132 2253 et
1141 2184 1214 2253 tilius

141 2295 228 2381 Dei,
260 2300 312 2365 vir
332 2299 538 2388 approbatus
559 2321 581 2365 a
601 2298 678 2392 Deo
704 2300 739 2365 in
765 2297 953 2367 hominibus
978 2299 1217 2373 virmtiouu

117 2498 120 2503 Ι
141 2414 302 2504 prodigiis
325 2424 360 2484 et
380 2420 498 2504 signis,
519 2417 618 2483 nobis
638 2416 790 2501 tradidit,
820 2438 975 2505 quaeque
996 2424 1039 2485 ut
1058 2422 1216 2491 truditur

141 2532 230 2609 Jesu
261 2531 395 2609 Christo
428 2533 574 2601 ecclesia
607 2534 771 2600 catholica
803 2535 901 2601 nobis
937 2535 981 2600 ad
1018 2539 1216 2609 credend-

141 2654 305 2738 proponit
353 2655 452 2720 Hanc
482 2653 754 2740 significationem
782 2654 995 2734 Hermeios,
1029 2656 1216 2751 ubicunque

142 2769 185 2838 de
208 2768 276 2841 fide,
295 2769 416 2857 divina,
439 2772 618 2840 christiano
640 2779 676 2840 ct
697 2771 861 2837 catholica
882 2771 1039 2859 loquitur,
1065 2786 1241 2851 constan,

140 2892 270 2961 tissime
291 2895 394 2974 tenet,
420 2912 531 2978 neque
552 2891 608 2959 vel
629 2893 747 2956 unicus
774 2887 870 2955 locus
894 2911 937 2956 cx
959 2893 1032 2959 eius
1056 2858 1157 2965 libris
1176 2898 1217 2965 af-

140 3009 219 3077 ferri
246 3012 385 3098 poterit,
420 3009 479 3077 ubi
506 3008 601 3076 aliam
636 3009 788 3076 videatur
820 3009 1024 3073 notationem
1050 3012 1217 3083 iuducere

139 3124 241 3193 Plane
270 3129 371 3214 igitur
391 3132 560 3196 consentit
592 3150 667 3194 cum
700 3125 852 3192 omnibus
885 3125 1087 3214 Theologis‚
1124 3124 1219 3223 plano

141 3249 309 3329 consentit
329 3267 405 3312 eum
424 3245 635 3314 Catcchismo
650 3249 813 3326 Romano,
836 3247 894 3330 qui
914 3243 1013 3311 fidem
1033 3247 1127 3316 illam
1149 3276 1219 3341 per

139 3363 257 3448 spicue
278 3364 331 3429 his
353 3364 466 3430 verbis
489 3364 616 3431 definit:
650 3386 728 3432 csse
750 3362 862 3449 talem,
893 3365 1014 3458 „cuius
1035 3367 1072 3433 vi
1085 3372 1218 3439 omnmo

33 3532 36 3538 .
139 3482 360 3547 assentiamur
380 3483 433 3565 iis,
456 3504 543 3570 quae
565 3483 687 3550 tradita
708 3483 776 3548 sint
797 3483 991 3568 divinitus,“
1017 3488 1062 3550 ¹ct
1083 3508 1219 3557 rursust
1252 3472 1254 3527 !

139 3598 260 3679 „cuius
272 3598 379 3666 virtus
401 3599 536 3685 efficiat,
558 3607 596 3667 ut
607 3601 640 3667 id
652 3607 760 3667 ratum
779 3599 976 3684 habeamus,
997 3602 1126 3689 quoda
1141 3605 1220 3675 Deo

137 3714 293 3781 traditum
320 3739 398 3786 esse
429 3721 662 3787 sanctissimae
689 3719 804 3785 matris
835 3718 1001 3786 ecclesiae
1031 3727 1220 3794 auctoritas

138 3833 379 3920 comprobarit3
414 3837 536 3905 nullom
564 3841 649 3905 onim
676 3837 830 3905 fidelibus
850 3858 955 3923 posse
977 3839 1136 3910 accidere
1159 3844 1220 3912 du-

136 3951 333 4022 bitationem
353 3958 387 4024 in
407 3957 466 4042 iis,
489 3978 629 4051 quorum
650 3956 748 4023 Deus
770 3962 888 4025 auctor·
908 3942 1053 4045 sitsuui
1073 3960 1122 4031 sit
1139 3963 1220 4051 ipsa

137 4074 302 4144 veritum
