2514 4792
587 262 591 271 '
637 282 717 349 noo

139 473 321 539 litterarum
345 484 517 535 sacrarum
540 438 656 533 sensu.
705 462 876 552 Ingenium
902 469 1018 532 antem
1043 472 1162 552 sum,ri
1204 468 1216 512 i*

136 591 225 658 forte
245 586 290 654 alr
311 582 478 652 ecclesiae
496 602 584 652 voce
611 583 804 669 dissentiat,
834 583 936 651 silero
963 582 1084 652 malunt
1102 606 1161 673 quan
1202 591 1216 654 l

137 707 240 796 loqui.
260 784 262 789 ,
285 700 431 771 Consilio
451 702 567 791 ntique
588 700 819 788 saluberrimo,
840 705 967 792 quippe
981 703 1160 777 nonialaoeu
1202 696 1216 752 l

136 824 358 894 consiliarium
378 820 442 888 sed
462 823 685 888 certissimum
705 821 850 889 iudicem
870 843 892 888 a
914 818 1050 892 Christo
1069 810 1160 891 ad'dri
1203 828 1216 872 l

135 938 274 1014 luendas
308 940 387 1010 fidei
421 920 671 1010 controversias
707 943 926 1009 constitutum
963 941 1030 1008 sibi
1058 944 1160 1031 petuo

134 1065 295 1132 Nimirum
315 1065 413 1128 recta
430 1054 518 1127 ¹ratio
540 1058 584 1126 ad
604 1057 693 1125 illam
713 1057 861 1146 regulam
874 1061 1069 1128 necessario
1085 1058 1160 1153 perde
1205 1045 1216 1109 fl

135 1184 221 1253 citur
241 1200 382 1269 eamque
403 1178 471 1246 sibi
491 1180 568 1266 ipsa
586 1177 806 1266 praescrihit,
834 1178 1014 1247 dummodo
1042 1182 1115 1279 salis
1128 1179 1162 1246 or
1209 1187 1216 1249 l

134 1306 334 1390 cumspecte
353 1302 449 1386 agat3
478 1317 556 1364 nam
577 1299 736 1385 quoniam
760 1302 881 1365 natura
910 1318 978 1366 sua
999 1299 1100 1366 omnis
1114 1296 1163 1364 rui
1213 1304 1216 1343 r

132 1423 214 1489 tatis
235 1416 358 1507 cupida
379 1421 436 1484 est
455 1435 641 1504 omnesque
661 1437 794 1484 errores
820 1423 1017 1502 aversatur,
1046 1413 1166 1485 simlia

131 1559 210 1605 men
235 1556 332 1603 suam
357 1532 578 1603 infirmitatem
599 1535 718 1618 sentit,
748 1536 890 1622 primum
914 1518 1168 1603 lubentissime

132 1654 271 1724 subiicit
284 1651 455 1729 revelanti
474 1651 569 1736 Deo,
601 1651 723 1720 deinde
750 1655 851 1720 etiam
872 1657 1122 1740 auctoritatem,
1143 1651 1170 1718 ri

130 1776 165 1841 in
186 1771 384 1862 exponenda
404 1771 572 1838 doctrina-
583 1769 732 1839 revelata
758 1773 835 1859 ipse
855 1770 955 1839 Deus
977 1764 1167 1857 immunitate

131 1864 188 1958 ah'
207 1880 320 1959 er'rore
347 1892 517 1981 promisit,
547 1902 617 1955 uon'
643 1892 753 1956 minus
780 1887 934 1956 lubenter
953 1892 1170 1977 'agnosceret

56 2004 59 2009 ’
131 2008 244 2088 audire
267 2008 380 2093 debet,
402 2012 468 2076 nisi
488 1998 614 2076 rursus'
628 2007 763 2076 deficiat
776 2007 899 2091 aDeo,
921 2008 983 2094 qui
1004 2008 1178 2079 summale

129 2130 179 2194 tio
202 2133 238 2194 et
258 2129 334 2217 ipsa
355 2127 490 2195 Veritas
511 2133 575 2195 est
618 2129 697 2194 Non
712 2127 818 2214 igitur
832 2123 1034 2195 catholicos
1056 2144 1179 2196 accusare

128 2243 221 2331 licet,
242 2243 335 2334 quod
354 2249 514 2313 temere
534 2265 574 2313 se
588 2242 768 2311 subiiciunt
789 2243 983 2311 auctoritati
1003 2245 1177 2325 humanae,

87 2356 398 2454 uqummquilem
423 2383 492 2431 non
515 2369 642 2432 temere
671 2362 736 2430 sed
757 2381 848 2428 cum
874 2363 1048 2463 ratione
1082 2362 1177 2434 credat

129 2503 214 2567 eam,
236 2483 292 2550 cui
312 2480 494 2550 subiiciunt
514 2501 568 2566 se,
597 2481 831 2567 anctoritatem
852 2503 932 2550 esse
955 2476 1184 2568 divinam,il

129 2605 185 2665 est
205 2599 420 2667 divinitus
440 2600 691 2666 institutam.
734 2599 834 2686 Vide,
866 2620 968 2689 quam
994 2598 1089 2670 haec
1109 2601 1185 2670 omn's

129 2734 206 2785 cum
233 2720 329 2783 recta
351 2719 483 2785 ratione
510 2718 713 2804 conspirent.
756 2720 878 2808 Neque
904 2740 988 2788 vero
1013 2721 1186 2806 profitentu

128 2822 292 2902 Catholici
299 2854 320 2920 ,τ
336 2828 491 2924 itl'quoo
518 2854 564 2904 ex
590 2833 819 2922 superioribus
846 2839 933 2904 satis
960 2836 1082 2908 elucet
1103 2847 1137 2909 et
1152 2858 1192 2906 ne

100 2946 278 3023 cessario
300 2956 471 3042 sequitur,
500 2951 669 3021 ccclesiae
699 2957 933 3050 auctoritatem
959 2975 1004 3023 eo
1031 2962 1193 3045 pertinere,

125 3079 165 3139 ut
183 3087 293 3141 nova
307 3071 465 3161 dogmata
478 3074 635 3160 inveniat,
652 3074 718 3141 sed
731 3096 771 3141 eo
786 3079 927 3159 tautum,
948 3080 988 3141 ut
1008 3077 1195 3144 traditan

127 3190 312 3259 doctrinam
332 3191 512 3260 salutarem
534 3197 726 3276 conservet,
749 3187 912 3279 declar'et,
933 3199 1135 3264 accuratius
1154 3193 1197 3262 do

13 3303 15 3306 ’
125 3306 218 3387 finiat
237 3309 425 3398 liberetque
445 3310 490 3378 al)
512 3313 639 3378 exortis
662 3309 935 3378 dubitationibus
979 3307 1099 3393 Quare
1115 3317 1199 3382 etiam

41 3479 44 3483 .
126 3424 213 3494 haec
235 3427 352 3517 regula
379 3434 416 3496 et
435 3430 542 3516 viguit
569 3449 705 3515 semper
726 3435 761 3496 et
786 3428 886 3496 hodie
914 3431 1009 3518 viget
1034 3433 1128 3500 inter
1149 3429 1201 3498 ca

125 3545 287 3616 tholicos:
330 3545 463 3630 Nihil,
496 3548 579 3613 nisi
608 3547 718 3634 quod
745 3541 956 3615 traditum.
1000 3551 1202 3619 Anllocto·

38 3729 43 3745 ,
130 3685 187 3731 res
209 3664 376 3733 ecclesiae
392 3664 589 3751 catholicae,
610 3665 670 3733 ubi
683 3652 717 3732 in
732 3664 890 3733 conciliis
906 3671 1108 3755 congregati
1125 3654 1204 3737 haec

125 3779 182 3847 illa
203 3782 362 3870 dogmata
383 3782 605 3870 declararunt,
626 3791 806 3875 propterea
822 3786 936 3851 statim
950 3788 1120 3855 censendi
1132 3790 1208 3856 sunl

125 3916 213 3967 nova
234 3901 390 3988 dogmata
410 3901 605 3971 invenisse?
646 3904 686 3970 ld
693 3904 701 3988 j
708 3905 766 3993 qui
788 3902 990 3972 concludere
1010 3904 1131 3994 vellet,
1150 3928 1207 3996 pa·

125 4040 196 4084 rum
219 4018 430 4089 considerate
452 4022 582 4090 faceret
601 4021 883 4110 vehementerque
904 4026 1149 4114 praecipitaret
1161 4029 1207 4095 iu·

126 4135 266 4223 dioium;
298 4159 365 4206 non
397 4143 484 4208 enim
511 4162 656 4230 unquam
684 4139 857 4211 Doctores
884 4141 931 4209 illi
961 4147 1153 4216 omiserunt
1176 4150 1210 4214 et
